[
  {
    "product_title": "The Heart\" Tee",
    "product_vendor": "Eva Beylin",
    "order_name": "#1308",
    "order_id": 2561245970478,
    "customer_id": 3538560712750,
    "product_id": 4675397713966,
    "product_price": 70,
    "day": "2020-12-04",
    "month": "2020-12",
    "net_quantity": 1,
    "net_sales": 0
  },
  {
    "product_title": "The Heart\" Tee",
    "product_vendor": "Eva Beylin",
    "order_name": "#1307",
    "order_id": 2561239679022,
    "customer_id": 3538543771694,
    "product_id": 4675397713966,
    "product_price": 70,
    "day": "2020-12-04",
    "month": "2020-12",
    "net_quantity": 1,
    "net_sales": 0
  },
  {
    "product_title": "YFI.01 - HOODIE",
    "product_vendor": "YFI SUPPLY",
    "order_name": "#1073",
    "order_id": 2384256466990,
    "customer_id": 3063029628974,
    "product_id": 4624482598958,
    "product_price": 90,
    "day": "2020-08-25",
    "month": "2020-08",
    "net_quantity": 1,
    "net_sales": 27
  },
  {
    "product_title": "weesh",
    "product_vendor": "BlueKirby",
    "order_name": "#1157",
    "order_id": 2432803405870,
    "customer_id": 3409852203054,
    "product_id": 4649782378542,
    "product_price": 59,
    "day": "2020-09-20",
    "month": "2020-09",
    "net_quantity": 1,
    "net_sales": 0
  },
  {
    "product_title": "weesh",
    "product_vendor": "BlueKirby",
    "order_name": "#1160",
    "order_id": 2432863404078,
    "customer_id": 3409508270126,
    "product_id": 4649782378542,
    "product_price": 59,
    "day": "2020-09-21",
    "month": "2020-09",
    "net_quantity": 1,
    "net_sales": 0
  },
  {
    "product_title": "GENESIS\" BODY BAG",
    "product_vendor": "MetaFactory",
    "order_name": "#1286",
    "order_id": 2507534565422,
    "customer_id": 3405179846702,
    "product_id": 4630462365742,
    "product_price": 49,
    "day": "2020-11-04",
    "month": "2020-11",
    "net_quantity": 1,
    "net_sales": 0
  },
  {
    "product_title": "GENESIS\" BODY BAG",
    "product_vendor": "MetaFactory",
    "order_name": "#1206",
    "order_id": 2454165848110,
    "customer_id": 3433541402670,
    "product_id": 4630462365742,
    "product_price": 49,
    "day": "2020-10-02",
    "month": "2020-10",
    "net_quantity": 1,
    "net_sales": 0
  },
  {
    "product_title": "$BASEDBALL CAP",
    "product_vendor": "$BASED",
    "order_name": "#1073",
    "order_id": 2384256466990,
    "customer_id": 3063029628974,
    "product_id": 4634672070702,
    "product_price": 69.69,
    "day": "2020-08-25",
    "month": "2020-08",
    "net_quantity": 1,
    "net_sales": 20.91
  },
  {
    "product_title": "YAM JAMS",
    "product_vendor": "MetaFactory",
    "order_name": "#1073",
    "order_id": 2384256466990,
    "customer_id": 3063029628974,
    "product_id": 4634655359022,
    "product_price": 69,
    "day": "2020-08-25",
    "month": "2020-08",
    "net_quantity": 1,
    "net_sales": 20.7
  },
  {
    "product_title": "MF FANNY",
    "product_vendor": "METADREAMER",
    "order_name": "#1073",
    "order_id": 2384256466990,
    "customer_id": 3063029628974,
    "product_id": 4630462365742,
    "product_price": 49,
    "day": "2020-08-25",
    "month": "2020-08",
    "net_quantity": 1,
    "net_sales": 14.7
  },
  {
    "product_title": "MF MASK - SPACED PAINTER",
    "product_vendor": "Spaced Painter",
    "order_name": "#1003",
    "order_id": 2175837601838,
    "customer_id": 3120727490606,
    "product_id": 4549226889262,
    "product_price": 16.99,
    "day": "2020-05-14",
    "month": "2020-05",
    "net_quantity": 1,
    "net_sales": 0
  },
  {
    "product_title": "MF MASK - SHORTCUT",
    "product_vendor": "Shortcut",
    "order_name": "#1001",
    "order_id": 2171697037358,
    "customer_id": 3116316065838,
    "product_id": 4542701436974,
    "product_price": 16.99,
    "day": "2020-05-12",
    "month": "2020-05",
    "net_quantity": 1,
    "net_sales": 0
  },
  {
    "product_title": "MF MASK - SHORTCUT",
    "product_vendor": "Shortcut",
    "order_name": "#1026",
    "order_id": 2206665146414,
    "customer_id": 3158256549934,
    "product_id": 4542701436974,
    "product_price": 16.99,
    "day": "2020-05-28",
    "month": "2020-05",
    "net_quantity": 4,
    "net_sales": 50.97
  },
  {
    "product_title": "MF MASK - SKEENEE",
    "product_vendor": "Skeenee",
    "order_name": "#1027",
    "order_id": 2207178457134,
    "customer_id": 3158804660270,
    "product_id": 4542718574638,
    "product_price": 16.99,
    "day": "2020-05-28",
    "month": "2020-05",
    "net_quantity": 1,
    "net_sales": 0
  },
  {
    "product_title": "MF MASK - SHORTCUT",
    "product_vendor": "Shortcut",
    "order_name": "#1009",
    "order_id": 2176127303726,
    "customer_id": 3121141809198,
    "product_id": 4542701436974,
    "product_price": 16.99,
    "day": "2020-05-14",
    "month": "2020-05",
    "net_quantity": 4,
    "net_sales": 50.97
  },
  {
    "product_title": "MF MASK - HEXEOSIS",
    "product_vendor": "Hexeosis",
    "order_name": "#1018",
    "order_id": 2179778805806,
    "customer_id": 3125709340718,
    "product_id": 4542707138606,
    "product_price": 16.99,
    "day": "2020-05-16",
    "month": "2020-05",
    "net_quantity": 1,
    "net_sales": 0
  },
  {
    "product_title": "MF MASK - SPACED PAINTER",
    "product_vendor": "Spaced Painter",
    "order_name": "#1004",
    "order_id": 2175839633454,
    "customer_id": 3120736403502,
    "product_id": 4549226889262,
    "product_price": 16.99,
    "day": "2020-05-14",
    "month": "2020-05",
    "net_quantity": 1,
    "net_sales": 0
  },
  {
    "product_title": "MF MASK - SPACED PAINTER",
    "product_vendor": "Spaced Painter",
    "order_name": "#1024",
    "order_id": 2198010429486,
    "customer_id": 3148216893486,
    "product_id": 4549226889262,
    "product_price": 16.99,
    "day": "2020-05-24",
    "month": "2020-05",
    "net_quantity": 2,
    "net_sales": 16.99
  },
  {
    "product_title": "MF MASK - METADREAMER",
    "product_vendor": "METADREAMER",
    "order_name": "#1022",
    "order_id": 2187215601710,
    "customer_id": 3135075680302,
    "product_id": 4546341240878,
    "product_price": 16.99,
    "day": "2020-05-19",
    "month": "2020-05",
    "net_quantity": 1,
    "net_sales": 0
  },
  {
    "product_title": "MF MASK - JAVIER ARRÉS",
    "product_vendor": "Javier Arres",
    "order_name": "#1008",
    "order_id": 2176108396590,
    "customer_id": 3121117986862,
    "product_id": 4504463278126,
    "product_price": 16.99,
    "day": "2020-05-14",
    "month": "2020-05",
    "net_quantity": 1,
    "net_sales": 0
  },
  {
    "product_title": "MF MASK - HEXEOSIS",
    "product_vendor": "Hexeosis",
    "order_name": "#1036",
    "order_id": 2318899019822,
    "customer_id": 3287630282798,
    "product_id": 4542707138606,
    "product_price": 16.99,
    "day": "2020-07-23",
    "month": "2020-07",
    "net_quantity": 2,
    "net_sales": 16.99
  },
  {
    "product_title": "MF MASK - SPACED PAINTER",
    "product_vendor": "Spaced Painter",
    "order_name": "#1019",
    "order_id": 2183074873390,
    "customer_id": 3121150918702,
    "product_id": 4549226889262,
    "product_price": 16.99,
    "day": "2020-05-17",
    "month": "2020-05",
    "net_quantity": 1,
    "net_sales": 0
  },
  {
    "product_title": "MF MASK - METADREAMER",
    "product_vendor": "METADREAMER",
    "order_name": "#1032",
    "order_id": 2277098618926,
    "customer_id": 3241665724462,
    "product_id": 4546341240878,
    "product_price": 16.99,
    "day": "2020-07-02",
    "month": "2020-07",
    "net_quantity": 1,
    "net_sales": 0
  },
  {
    "product_title": "MF MASK - METADREAMER",
    "product_vendor": "METADREAMER",
    "order_name": "#1002",
    "order_id": 2175721406510,
    "customer_id": 3120605495342,
    "product_id": 4546341240878,
    "product_price": 16.99,
    "day": "2020-05-14",
    "month": "2020-05",
    "net_quantity": 1,
    "net_sales": 0
  },
  {
    "product_title": "$BASEDBALL CAP",
    "product_vendor": "$BASED",
    "order_name": "#1078",
    "order_id": 2393169756206,
    "customer_id": 3371917934638,
    "product_id": 4634672070702,
    "product_price": 69.69,
    "day": "2020-08-30",
    "month": "2020-08",
    "net_quantity": 1,
    "net_sales": 55.76
  },
  {
    "product_title": "$BASEDBALL CAP",
    "product_vendor": "$BASED",
    "order_name": "#1067",
    "order_id": 2374743097390,
    "customer_id": 3348997701678,
    "product_id": 4634672070702,
    "product_price": 69.69,
    "day": "2020-08-20",
    "month": "2020-08",
    "net_quantity": 1,
    "net_sales": 55.76
  },
  {
    "product_title": "MF MASK - JAVIER ARRÉS",
    "product_vendor": "Javier Arres",
    "order_name": "#1073",
    "order_id": 2384256466990,
    "customer_id": 3063029628974,
    "product_id": 4504463278126,
    "product_price": 16.99,
    "day": "2020-08-25",
    "month": "2020-08",
    "net_quantity": 1,
    "net_sales": 5.1
  },
  {
    "product_title": "MF MASK - METADREAMER",
    "product_vendor": "METADREAMER",
    "order_name": "#1073",
    "order_id": 2384256466990,
    "customer_id": 3063029628974,
    "product_id": 4546341240878,
    "product_price": 16.99,
    "day": "2020-08-25",
    "month": "2020-08",
    "net_quantity": 1,
    "net_sales": 5.1
  },
  {
    "product_title": "MF MASK - SHORTCUT",
    "product_vendor": "Shortcut",
    "order_name": "#1073",
    "order_id": 2384256466990,
    "customer_id": 3063029628974,
    "product_id": 4542701436974,
    "product_price": 16.99,
    "day": "2020-08-25",
    "month": "2020-08",
    "net_quantity": 1,
    "net_sales": 5.1
  },
  {
    "product_title": "MF MASK - MEEMURBIT",
    "product_vendor": "MEEMURBIT",
    "order_name": "#1073",
    "order_id": 2384256466990,
    "customer_id": 3063029628974,
    "product_id": 4597786378286,
    "product_price": 16.99,
    "day": "2020-08-25",
    "month": "2020-08",
    "net_quantity": 1,
    "net_sales": 5.1
  },
  {
    "product_title": "MF MASK - PAJARITAFLORA",
    "product_vendor": "PajaritaFlora",
    "order_name": "#1027",
    "order_id": 2207178457134,
    "customer_id": 3158804660270,
    "product_id": 4549122457646,
    "product_price": 16.99,
    "day": "2020-05-28",
    "month": "2020-05",
    "net_quantity": 1,
    "net_sales": 16.99
  },
  {
    "product_title": "MF MASK - JAVIER ARRÉS",
    "product_vendor": "Javier Arres",
    "order_name": "#1030",
    "order_id": 2265078595630,
    "customer_id": 3224613978158,
    "product_id": 4504463278126,
    "product_price": 16.99,
    "day": "2020-06-26",
    "month": "2020-06",
    "net_quantity": 1,
    "net_sales": 16.99
  },
  {
    "product_title": "MF MASK - JAVIER ARRÉS",
    "product_vendor": "Javier Arres",
    "order_name": "#1004",
    "order_id": 2175839633454,
    "customer_id": 3120736403502,
    "product_id": 4504463278126,
    "product_price": 16.99,
    "day": "2020-05-14",
    "month": "2020-05",
    "net_quantity": 1,
    "net_sales": 16.99
  },
  {
    "product_title": "MF MASK - METADREAMER",
    "product_vendor": "METADREAMER",
    "order_name": "#1023",
    "order_id": 2189176766510,
    "customer_id": 3138404843566,
    "product_id": 4546341240878,
    "product_price": 16.99,
    "day": "2020-05-20",
    "month": "2020-05",
    "net_quantity": 1,
    "net_sales": 16.99
  },
  {
    "product_title": "MF MASK - JAVIER ARRÉS",
    "product_vendor": "Javier Arres",
    "order_name": "#1208",
    "order_id": 2457250922542,
    "customer_id": 3436485836846,
    "product_id": 4504463278126,
    "product_price": 16.99,
    "day": "2020-10-04",
    "month": "2020-10",
    "net_quantity": 1,
    "net_sales": 16.99
  },
  {
    "product_title": "YAM JAMS",
    "product_vendor": "$YAM",
    "order_name": "#1193",
    "order_id": 2450172510254,
    "customer_id": 3123382452270,
    "product_id": 4634655359022,
    "product_price": 69,
    "day": "2020-09-30",
    "month": "2020-09",
    "net_quantity": 1,
    "net_sales": 69
  },
  {
    "product_title": "MF MASK - JAVIER ARRÉS",
    "product_vendor": "Javier Arres",
    "order_name": "#1270",
    "order_id": 2471163068462,
    "customer_id": 3446801236014,
    "product_id": 4504463278126,
    "product_price": 16.99,
    "day": "2020-10-11",
    "month": "2020-10",
    "net_quantity": 1,
    "net_sales": 16.99
  },
  {
    "product_title": "MF MASK - METADREAMER",
    "product_vendor": "METADREAMER",
    "order_name": "#1027",
    "order_id": 2207178457134,
    "customer_id": 3158804660270,
    "product_id": 4546341240878,
    "product_price": 16.99,
    "day": "2020-05-28",
    "month": "2020-05",
    "net_quantity": 1,
    "net_sales": 16.99
  },
  {
    "product_title": "MF MASK - JAVIER ARRÉS",
    "product_vendor": "Javier Arres",
    "order_name": "#1029",
    "order_id": 2263712137262,
    "customer_id": 3223364534318,
    "product_id": 4504463278126,
    "product_price": 16.99,
    "day": "2020-06-25",
    "month": "2020-06",
    "net_quantity": 1,
    "net_sales": 16.99
  },
  {
    "product_title": "MF MASK - METADREAMER",
    "product_vendor": "METADREAMER",
    "order_name": "#1072",
    "order_id": 2384210493486,
    "customer_id": 3121772068910,
    "product_id": 4546341240878,
    "product_price": 16.99,
    "day": "2020-08-25",
    "month": "2020-08",
    "net_quantity": 1,
    "net_sales": 16.99
  },
  {
    "product_title": "MF MASK - JAVIER ARRÉS",
    "product_vendor": "Javier Arres",
    "order_name": "#1031",
    "order_id": 2265259802670,
    "customer_id": 3124181958702,
    "product_id": 4504463278126,
    "product_price": 16.99,
    "day": "2020-06-26",
    "month": "2020-06",
    "net_quantity": 1,
    "net_sales": 16.99
  },
  {
    "product_title": "MF MASK - JIVINCI",
    "product_vendor": "Jivinci",
    "order_name": "#1202",
    "order_id": 2453245362222,
    "customer_id": 3432571535406,
    "product_id": 4546137358382,
    "product_price": 16.99,
    "day": "2020-10-02",
    "month": "2020-10",
    "net_quantity": 1,
    "net_sales": 16.99
  },
  {
    "product_title": "MF MASK - JAVIER ARRÉS",
    "product_vendor": "Javier Arres",
    "order_name": "#1019",
    "order_id": 2183074873390,
    "customer_id": 3121150918702,
    "product_id": 4504463278126,
    "product_price": 16.99,
    "day": "2020-05-17",
    "month": "2020-05",
    "net_quantity": 1,
    "net_sales": 16.99
  },
  {
    "product_title": "MF MASK - JIVINCI",
    "product_vendor": "Jivinci",
    "order_name": "#1010",
    "order_id": 2176161906734,
    "customer_id": 3121250598958,
    "product_id": 4546137358382,
    "product_price": 16.99,
    "day": "2020-05-14",
    "month": "2020-05",
    "net_quantity": 1,
    "net_sales": 16.99
  },
  {
    "product_title": "MF MASK - JAVIER ARRÉS",
    "product_vendor": "Javier Arres",
    "order_name": "#1205",
    "order_id": 2453846884398,
    "customer_id": 3433209954350,
    "product_id": 4504463278126,
    "product_price": 16.99,
    "day": "2020-10-02",
    "month": "2020-10",
    "net_quantity": 1,
    "net_sales": 16.99
  },
  {
    "product_title": "MF MASK - JIVINCI",
    "product_vendor": "Jivinci",
    "order_name": "#1211",
    "order_id": 2458870120494,
    "customer_id": 3438325006382,
    "product_id": 4546137358382,
    "product_price": 16.99,
    "day": "2020-10-05",
    "month": "2020-10",
    "net_quantity": 4,
    "net_sales": 67.96
  },
  {
    "product_title": "MF MASK - JAVIER ARRÉS",
    "product_vendor": "Javier Arres",
    "order_name": "#1027",
    "order_id": 2207178457134,
    "customer_id": 3158804660270,
    "product_id": 4504463278126,
    "product_price": 16.99,
    "day": "2020-05-28",
    "month": "2020-05",
    "net_quantity": 1,
    "net_sales": 16.99
  },
  {
    "product_title": "MF MASK - JIVINCI",
    "product_vendor": "Jivinci",
    "order_name": "#1029",
    "order_id": 2263712137262,
    "customer_id": 3223364534318,
    "product_id": 4546137358382,
    "product_price": 16.99,
    "day": "2020-06-25",
    "month": "2020-06",
    "net_quantity": 1,
    "net_sales": 16.99
  },
  {
    "product_title": "YFI.01 - HOODIE",
    "product_vendor": "YFI SUPPLY",
    "order_name": "#1193",
    "order_id": 2450172510254,
    "customer_id": 3123382452270,
    "product_id": 4624482598958,
    "product_price": 220,
    "day": "2020-09-30",
    "month": "2020-09",
    "net_quantity": 1,
    "net_sales": 220
  },
  {
    "product_title": "YAM JAMS",
    "product_vendor": "MetaFactory",
    "order_name": "#1087",
    "order_id": 2411467341870,
    "customer_id": 3389872209966,
    "product_id": 4634655359022,
    "product_price": 69,
    "day": "2020-09-09",
    "month": "2020-09",
    "net_quantity": 1,
    "net_sales": 69
  },
  {
    "product_title": "YAM JAMS",
    "product_vendor": "$YAM",
    "order_name": "#1200",
    "order_id": 2453230551086,
    "customer_id": 3432555675694,
    "product_id": 4634655359022,
    "product_price": 69,
    "day": "2020-10-02",
    "month": "2020-10",
    "net_quantity": 1,
    "net_sales": 69
  },
  {
    "product_title": "YFI.01 - HOODIE",
    "product_vendor": "YFI SUPPLY",
    "order_name": "#1145",
    "order_id": 2431179817006,
    "customer_id": 3408307322926,
    "product_id": 4624482598958,
    "product_price": 220,
    "day": "2020-09-19",
    "month": "2020-09",
    "net_quantity": 1,
    "net_sales": 220
  },
  {
    "product_title": "NOT A SHIRT",
    "product_vendor": "MEME",
    "order_name": "#1222",
    "order_id": 2461920985134,
    "customer_id": 3441300373550,
    "product_id": 4655315943470,
    "product_price": 72,
    "day": "2020-10-06",
    "month": "2020-10",
    "net_quantity": 1,
    "net_sales": 72
  },
  {
    "product_title": "MF MASK - JAVIER ARRÉS",
    "product_vendor": "Javier Arres",
    "order_name": "#1268",
    "order_id": 2469862735918,
    "customer_id": 3405520535598,
    "product_id": 4504463278126,
    "product_price": 16.99,
    "day": "2020-10-11",
    "month": "2020-10",
    "net_quantity": 1,
    "net_sales": 16.99
  },
  {
    "product_title": "YFI.01 - HOODIE",
    "product_vendor": "YFI SUPPLY",
    "order_name": "#1045",
    "order_id": 2334419648558,
    "customer_id": 3304289173550,
    "product_id": 4624482598958,
    "product_price": 90,
    "day": "2020-07-30",
    "month": "2020-07",
    "net_quantity": 1,
    "net_sales": 90
  },
  {
    "product_title": "YAM JAMS",
    "product_vendor": "$YAM",
    "order_name": "#1259",
    "order_id": 2467695263790,
    "customer_id": 3446759587886,
    "product_id": 4634655359022,
    "product_price": 69,
    "day": "2020-10-09",
    "month": "2020-10",
    "net_quantity": 1,
    "net_sales": 69
  },
  {
    "product_title": "NOT A SHIRT",
    "product_vendor": "MEME",
    "order_name": "#1243",
    "order_id": 2462247845934,
    "customer_id": 3441535778862,
    "product_id": 4655315943470,
    "product_price": 72,
    "day": "2020-10-06",
    "month": "2020-10",
    "net_quantity": 1,
    "net_sales": 72
  },
  {
    "product_title": "Chest Crest\" Red Tee",
    "product_vendor": "MetaMogul",
    "order_name": "#1213",
    "order_id": 2460861497390,
    "customer_id": 3440303177774,
    "product_id": 4649464332334,
    "product_price": 50,
    "day": "2020-10-06",
    "month": "2020-10",
    "net_quantity": 1,
    "net_sales": 50
  },
  {
    "product_title": "YAM JAMS",
    "product_vendor": "MetaFactory",
    "order_name": "#1077",
    "order_id": 2391525916718,
    "customer_id": 3369282961454,
    "product_id": 4634655359022,
    "product_price": 69,
    "day": "2020-08-29",
    "month": "2020-08",
    "net_quantity": 1,
    "net_sales": 69
  },
  {
    "product_title": "NOT A SHIRT",
    "product_vendor": "MEME",
    "order_name": "#1237",
    "order_id": 2462122803246,
    "customer_id": 3441482596398,
    "product_id": 4655315943470,
    "product_price": 72,
    "day": "2020-10-06",
    "month": "2020-10",
    "net_quantity": 1,
    "net_sales": 72
  },
  {
    "product_title": "MF MASK - MEEMURBIT",
    "product_vendor": "MEEMURBIT",
    "order_name": "#1270",
    "order_id": 2471163068462,
    "customer_id": 3446801236014,
    "product_id": 4597786378286,
    "product_price": 16.99,
    "day": "2020-10-11",
    "month": "2020-10",
    "net_quantity": 1,
    "net_sales": 16.99
  },
  {
    "product_title": "YFI.01 - HOODIE",
    "product_vendor": "YFI SUPPLY",
    "order_name": "#1184",
    "order_id": 2442588356654,
    "customer_id": 3120736403502,
    "product_id": 4624482598958,
    "product_price": 220,
    "day": "2020-09-26",
    "month": "2020-09",
    "net_quantity": 1,
    "net_sales": 220
  },
  {
    "product_title": "$BASEDBALL CAP",
    "product_vendor": "$BASED",
    "order_name": "#1066",
    "order_id": 2374223331374,
    "customer_id": 3348595441710,
    "product_id": 4634672070702,
    "product_price": 69.69,
    "day": "2020-08-19",
    "month": "2020-08",
    "net_quantity": 1,
    "net_sales": 69.69
  },
  {
    "product_title": "YFI.01 - HOODIE",
    "product_vendor": "YFI SUPPLY",
    "order_name": "#1039",
    "order_id": 2333620174894,
    "customer_id": 3303656980526,
    "product_id": 4624482598958,
    "product_price": 90,
    "day": "2020-07-30",
    "month": "2020-07",
    "net_quantity": 1,
    "net_sales": 90
  },
  {
    "product_title": "MF MASK - VAUNKER",
    "product_vendor": "Vaunker",
    "order_name": "#1001",
    "order_id": 2171697037358,
    "customer_id": 3116316065838,
    "product_id": 4542703140910,
    "product_price": 16.99,
    "day": "2020-05-12",
    "month": "2020-05",
    "net_quantity": 1,
    "net_sales": 16.99
  },
  {
    "product_title": "MF MASK - SHORTCUT",
    "product_vendor": "Shortcut",
    "order_name": "#1058",
    "order_id": 2367983484974,
    "customer_id": 3342269808686,
    "product_id": 4542701436974,
    "product_price": 16.99,
    "day": "2020-08-16",
    "month": "2020-08",
    "net_quantity": 1,
    "net_sales": 16.99
  },
  {
    "product_title": "MF MASK - METADREAMER",
    "product_vendor": "METADREAMER",
    "order_name": "#1009",
    "order_id": 2176127303726,
    "customer_id": 3121141809198,
    "product_id": 4546341240878,
    "product_price": 16.99,
    "day": "2020-05-14",
    "month": "2020-05",
    "net_quantity": 1,
    "net_sales": 16.99
  },
  {
    "product_title": "NOT A SHIRT",
    "product_vendor": "MEME",
    "order_name": "#1275",
    "order_id": 2483917357102,
    "customer_id": 3442552471598,
    "product_id": 4655315943470,
    "product_price": 72,
    "day": "2020-10-19",
    "month": "2020-10",
    "net_quantity": 1,
    "net_sales": 72
  },
  {
    "product_title": "weesh",
    "product_vendor": "BlueKirby",
    "order_name": "#1162",
    "order_id": 2433289682990,
    "customer_id": 3406326071342,
    "product_id": 4649782378542,
    "product_price": 59,
    "day": "2020-09-21",
    "month": "2020-09",
    "net_quantity": 1,
    "net_sales": 59
  },
  {
    "product_title": "NOT A SHIRT",
    "product_vendor": "MEME",
    "order_name": "#1290",
    "order_id": 2515966492718,
    "customer_id": 3499605786670,
    "product_id": 4655315943470,
    "product_price": 72,
    "day": "2020-11-10",
    "month": "2020-11",
    "net_quantity": 1,
    "net_sales": 72
  },
  {
    "product_title": "GRIDLOCK\" Mask",
    "product_vendor": "MetaFactory",
    "order_name": "#1151",
    "order_id": 2432073465902,
    "customer_id": 3409223516206,
    "product_id": 4646728794158,
    "product_price": 16.99,
    "day": "2020-09-20",
    "month": "2020-09",
    "net_quantity": 4,
    "net_sales": 67.96
  },
  {
    "product_title": "NOT A SHIRT",
    "product_vendor": "MEME",
    "order_name": "#1216",
    "order_id": 2461534289966,
    "customer_id": 3440951394350,
    "product_id": 4655315943470,
    "product_price": 72,
    "day": "2020-10-06",
    "month": "2020-10",
    "net_quantity": 2,
    "net_sales": 144
  },
  {
    "product_title": "MF MASK - SKEENEE",
    "product_vendor": "Skeenee",
    "order_name": "#1270",
    "order_id": 2471163068462,
    "customer_id": 3446801236014,
    "product_id": 4542718574638,
    "product_price": 16.99,
    "day": "2020-10-11",
    "month": "2020-10",
    "net_quantity": 1,
    "net_sales": 16.99
  },
  {
    "product_title": "YFI.01 - HOODIE",
    "product_vendor": "YFI SUPPLY",
    "order_name": "#1254",
    "order_id": 2466690564142,
    "customer_id": 3445861482542,
    "product_id": 4624482598958,
    "product_price": 220,
    "day": "2020-10-09",
    "month": "2020-10",
    "net_quantity": 1,
    "net_sales": 220
  },
  {
    "product_title": "The Unknown Traveler - Tank Top",
    "product_vendor": "Rare Designer",
    "order_name": "#1091",
    "order_id": 2415508881454,
    "customer_id": 3393245675566,
    "product_id": 4638001397806,
    "product_price": 40,
    "day": "2020-09-11",
    "month": "2020-09",
    "net_quantity": 1,
    "net_sales": 40
  },
  {
    "product_title": "GENESIS\" BODY BAG",
    "product_vendor": "MetaFactory",
    "order_name": "#1303",
    "order_id": 2552200167470,
    "customer_id": 3122572722222,
    "product_id": 4630462365742,
    "product_price": 49,
    "day": "2020-11-30",
    "month": "2020-11",
    "net_quantity": 1,
    "net_sales": 49
  },
  {
    "product_title": "YFI.01 - HOODIE",
    "product_vendor": "YFI SUPPLY",
    "order_name": "#1194",
    "order_id": 2451683115054,
    "customer_id": 3431018528814,
    "product_id": 4624482598958,
    "product_price": 220,
    "day": "2020-10-01",
    "month": "2020-10",
    "net_quantity": 1,
    "net_sales": 220
  },
  {
    "product_title": "YAM JAMS",
    "product_vendor": "$YAM",
    "order_name": "#1295",
    "order_id": 2524610527278,
    "customer_id": 3506544967726,
    "product_id": 4634655359022,
    "product_price": 69,
    "day": "2020-11-16",
    "month": "2020-11",
    "net_quantity": 1,
    "net_sales": 69
  },
  {
    "product_title": "YFI.01 - HOODIE",
    "product_vendor": "YFI SUPPLY",
    "order_name": "#1089",
    "order_id": 2413910097966,
    "customer_id": 3392159973422,
    "product_id": 4624482598958,
    "product_price": 90,
    "day": "2020-09-10",
    "month": "2020-09",
    "net_quantity": 1,
    "net_sales": 90
  },
  {
    "product_title": "MF MASK - PAJARITAFLORA",
    "product_vendor": "PajaritaFlora",
    "order_name": "#1003",
    "order_id": 2175837601838,
    "customer_id": 3120727490606,
    "product_id": 4549122457646,
    "product_price": 16.99,
    "day": "2020-05-14",
    "month": "2020-05",
    "net_quantity": 1,
    "net_sales": 16.99
  },
  {
    "product_title": "YFI.01 - HOODIE",
    "product_vendor": "YFI SUPPLY",
    "order_name": "#1260",
    "order_id": 2467769909294,
    "customer_id": 3446801236014,
    "product_id": 4624482598958,
    "product_price": 220,
    "day": "2020-10-09",
    "month": "2020-10",
    "net_quantity": 1,
    "net_sales": 220
  },
  {
    "product_title": "MF MASK - VAUNKER",
    "product_vendor": "Vaunker",
    "order_name": "#1001",
    "order_id": 2171697037358,
    "customer_id": 3116316065838,
    "product_id": 4542703140910,
    "product_price": 16.99,
    "day": "2020-05-12",
    "month": "2020-05",
    "net_quantity": -1,
    "net_sales": -16.99
  },
  {
    "product_title": "YFI.01 - HOODIE",
    "product_vendor": "YFI SUPPLY",
    "order_name": "#1111",
    "order_id": 2429019029550,
    "customer_id": 3405647937582,
    "product_id": 4624482598958,
    "product_price": 110,
    "day": "2020-09-18",
    "month": "2020-09",
    "net_quantity": 1,
    "net_sales": 110
  },
  {
    "product_title": "MF MASK - JAVIER ARRÉS",
    "product_vendor": "Javier Arres",
    "order_name": "#1005",
    "order_id": 2175987253294,
    "customer_id": 3120937631790,
    "product_id": 4504463278126,
    "product_price": 16.99,
    "day": "2020-05-14",
    "month": "2020-05",
    "net_quantity": 1,
    "net_sales": 16.99
  },
  {
    "product_title": "YFI.01 - HOODIE",
    "product_vendor": "YFI SUPPLY",
    "order_name": "#1042",
    "order_id": 2334122082350,
    "customer_id": 3304070381614,
    "product_id": 4624482598958,
    "product_price": 90,
    "day": "2020-07-30",
    "month": "2020-07",
    "net_quantity": 1,
    "net_sales": 90
  },
  {
    "product_title": "$BASEDBALL CAP",
    "product_vendor": "$BASED",
    "order_name": "#1169",
    "order_id": 2435369271342,
    "customer_id": 3412415709230,
    "product_id": 4634672070702,
    "product_price": 69.69,
    "day": "2020-09-22",
    "month": "2020-09",
    "net_quantity": 1,
    "net_sales": 69.69
  },
  {
    "product_title": "MF MASK - JAVIER ARRÉS",
    "product_vendor": "Javier Arres",
    "order_name": "#1014",
    "order_id": 2176827719726,
    "customer_id": 3122717130798,
    "product_id": 4504463278126,
    "product_price": 16.99,
    "day": "2020-05-15",
    "month": "2020-05",
    "net_quantity": 1,
    "net_sales": 16.99
  },
  {
    "product_title": "$BASEDBALL CAP",
    "product_vendor": "$BASED",
    "order_name": "#1277",
    "order_id": 2484204142638,
    "customer_id": 3463538343982,
    "product_id": 4634672070702,
    "product_price": 69.69,
    "day": "2020-10-19",
    "month": "2020-10",
    "net_quantity": 1,
    "net_sales": 69.69
  },
  {
    "product_title": "MF MASK - SHORTCUT",
    "product_vendor": "Shortcut",
    "order_name": "#1270",
    "order_id": 2471163068462,
    "customer_id": 3446801236014,
    "product_id": 4542701436974,
    "product_price": 16.99,
    "day": "2020-10-11",
    "month": "2020-10",
    "net_quantity": 1,
    "net_sales": 16.99
  },
  {
    "product_title": "MF MASK - ALOTTA MONEY",
    "product_vendor": "Alotta Money",
    "order_name": "#1292",
    "order_id": 2521603702830,
    "customer_id": 3148216893486,
    "product_id": 4540837462062,
    "product_price": 16.99,
    "day": "2020-11-14",
    "month": "2020-11",
    "net_quantity": 1,
    "net_sales": 16.99
  },
  {
    "product_title": "MF MASK - SHORTCUT",
    "product_vendor": "Shortcut",
    "order_name": "#1020",
    "order_id": 2185236742190,
    "customer_id": 3132604940334,
    "product_id": 4542701436974,
    "product_price": 16.99,
    "day": "2020-05-18",
    "month": "2020-05",
    "net_quantity": 1,
    "net_sales": 16.99
  },
  {
    "product_title": "weesh",
    "product_vendor": "BlueKirby",
    "order_name": "#1164",
    "order_id": 2434326331438,
    "customer_id": 3411439648814,
    "product_id": 4649782378542,
    "product_price": 59,
    "day": "2020-09-21",
    "month": "2020-09",
    "net_quantity": 6,
    "net_sales": 354
  },
  {
    "product_title": "NOT A SHIRT",
    "product_vendor": "MEME",
    "order_name": "#1289",
    "order_id": 2515960070190,
    "customer_id": 3499605786670,
    "product_id": 4655315943470,
    "product_price": 72,
    "day": "2020-11-10",
    "month": "2020-11",
    "net_quantity": 1,
    "net_sales": 72
  },
  {
    "product_title": "YAM JAMS",
    "product_vendor": "$YAM",
    "order_name": "#1140",
    "order_id": 2430840209454,
    "customer_id": 3407958179886,
    "product_id": 4634655359022,
    "product_price": 69,
    "day": "2020-09-19",
    "month": "2020-09",
    "net_quantity": 1,
    "net_sales": 69
  },
  {
    "product_title": "NOT A SHIRT",
    "product_vendor": "MEME",
    "order_name": "#1221",
    "order_id": 2461915054126,
    "customer_id": 3441295163438,
    "product_id": 4655315943470,
    "product_price": 72,
    "day": "2020-10-06",
    "month": "2020-10",
    "net_quantity": 1,
    "net_sales": 72
  },
  {
    "product_title": "weesh",
    "product_vendor": "BlueKirby",
    "order_name": "#1217",
    "order_id": 2461592649774,
    "customer_id": 3304560263214,
    "product_id": 4649782378542,
    "product_price": 59,
    "day": "2020-10-06",
    "month": "2020-10",
    "net_quantity": 1,
    "net_sales": 59
  },
  {
    "product_title": "NOT A SHIRT",
    "product_vendor": "MEME",
    "order_name": "#1219",
    "order_id": 2461906436142,
    "customer_id": 3121117986862,
    "product_id": 4655315943470,
    "product_price": 72,
    "day": "2020-10-06",
    "month": "2020-10",
    "net_quantity": 1,
    "net_sales": 72
  },
  {
    "product_title": "MF MASK - METADREAMER",
    "product_vendor": "METADREAMER",
    "order_name": "#1037",
    "order_id": 2321076682798,
    "customer_id": 3289693225006,
    "product_id": 4546341240878,
    "product_price": 16.99,
    "day": "2020-07-24",
    "month": "2020-07",
    "net_quantity": 1,
    "net_sales": 16.99
  },
  {
    "product_title": "NOT A SHIRT",
    "product_vendor": "MEME",
    "order_name": "#1247",
    "order_id": 2462514348078,
    "customer_id": 3441837342766,
    "product_id": 4655315943470,
    "product_price": 72,
    "day": "2020-10-07",
    "month": "2020-10",
    "net_quantity": 1,
    "net_sales": 72
  },
  {
    "product_title": "MF MASK - SKEENEE",
    "product_vendor": "Skeenee",
    "order_name": "#1008",
    "order_id": 2176108396590,
    "customer_id": 3121117986862,
    "product_id": 4542718574638,
    "product_price": 16.99,
    "day": "2020-05-14",
    "month": "2020-05",
    "net_quantity": 1,
    "net_sales": 16.99
  },
  {
    "product_title": "NOT A SHIRT",
    "product_vendor": "MEME",
    "order_name": "#1191",
    "order_id": 2449581113390,
    "customer_id": 3427959504942,
    "product_id": 4655315943470,
    "product_price": 72,
    "day": "2020-09-30",
    "month": "2020-09",
    "net_quantity": -1,
    "net_sales": -72
  },
  {
    "product_title": "The Heart\" Tee",
    "product_vendor": "Eva Beylin",
    "order_name": "#1312",
    "order_id": 2561885765678,
    "customer_id": 3539170590766,
    "product_id": 4675397713966,
    "product_price": 70,
    "day": "2020-12-05",
    "month": "2020-12",
    "net_quantity": 1,
    "net_sales": 70
  },
  {
    "product_title": "NOT A SHIRT",
    "product_vendor": "MEME",
    "order_name": "#1265",
    "order_id": 2467895574574,
    "customer_id": 3446932963374,
    "product_id": 4655315943470,
    "product_price": 72,
    "day": "2020-10-09",
    "month": "2020-10",
    "net_quantity": 2,
    "net_sales": 144
  },
  {
    "product_title": "GENESIS\" BODY BAG",
    "product_vendor": "MetaFactory",
    "order_name": "#1264",
    "order_id": 2467788554286,
    "customer_id": 3446834135086,
    "product_id": 4630462365742,
    "product_price": 49,
    "day": "2020-10-09",
    "month": "2020-10",
    "net_quantity": 1,
    "net_sales": 49
  },
  {
    "product_title": "YFI.01 - HOODIE",
    "product_vendor": "YFI SUPPLY",
    "order_name": "#1092",
    "order_id": 2416410263598,
    "customer_id": 3393969684526,
    "product_id": 4624482598958,
    "product_price": 90,
    "day": "2020-09-11",
    "month": "2020-09",
    "net_quantity": 1,
    "net_sales": 90
  },
  {
    "product_title": "The Unknown Traveler - Tank Top",
    "product_vendor": "Rare Designer",
    "order_name": "#1196",
    "order_id": 2451894632494,
    "customer_id": 3431224410158,
    "product_id": 4638001397806,
    "product_price": 40,
    "day": "2020-10-01",
    "month": "2020-10",
    "net_quantity": 1,
    "net_sales": 40
  },
  {
    "product_title": "YAM JAMS",
    "product_vendor": "$YAM",
    "order_name": "#1236",
    "order_id": 2462118903854,
    "customer_id": 3405520142382,
    "product_id": 4634655359022,
    "product_price": 69,
    "day": "2020-10-06",
    "month": "2020-10",
    "net_quantity": 1,
    "net_sales": 69
  },
  {
    "product_title": "YFI.01 - HOODIE",
    "product_vendor": "YFI SUPPLY",
    "order_name": "#1269",
    "order_id": 2470443548718,
    "customer_id": 3441365975086,
    "product_id": 4624482598958,
    "product_price": 220,
    "day": "2020-10-11",
    "month": "2020-10",
    "net_quantity": 1,
    "net_sales": 220
  },
  {
    "product_title": "Fractalized\" Tee",
    "product_vendor": "MetaMogul",
    "order_name": "#1268",
    "order_id": 2469862735918,
    "customer_id": 3405520535598,
    "product_id": 4649457975342,
    "product_price": 50,
    "day": "2020-10-11",
    "month": "2020-10",
    "net_quantity": 1,
    "net_sales": 50
  },
  {
    "product_title": "YFI.01 - HOODIE",
    "product_vendor": "YFI SUPPLY",
    "order_name": "#1268",
    "order_id": 2469862735918,
    "customer_id": 3405520535598,
    "product_id": 4624482598958,
    "product_price": 220,
    "day": "2020-10-11",
    "month": "2020-10",
    "net_quantity": 1,
    "net_sales": 220
  },
  {
    "product_title": "MF MASK - MEEMURBIT",
    "product_vendor": "MEEMURBIT",
    "order_name": "#1272",
    "order_id": 2475737186350,
    "customer_id": 3454522294318,
    "product_id": 4597786378286,
    "product_price": 16.99,
    "day": "2020-10-14",
    "month": "2020-10",
    "net_quantity": 1,
    "net_sales": 16.99
  },
  {
    "product_title": "YFI.01 - HOODIE",
    "product_vendor": "YFI SUPPLY",
    "order_name": "#1040",
    "order_id": 2333906436142,
    "customer_id": 3303901134894,
    "product_id": 4624482598958,
    "product_price": 90,
    "day": "2020-07-30",
    "month": "2020-07",
    "net_quantity": 1,
    "net_sales": 90
  },
  {
    "product_title": "Chest Crest\" Black Tee",
    "product_vendor": "MetaMogul",
    "order_name": "#1302",
    "order_id": 2533535350830,
    "customer_id": 3514287816750,
    "product_id": 4649458401326,
    "product_price": 50,
    "day": "2020-11-23",
    "month": "2020-11",
    "net_quantity": 10,
    "net_sales": 500
  },
  {
    "product_title": "YFI.01 - HOODIE",
    "product_vendor": "YFI SUPPLY",
    "order_name": "#1095",
    "order_id": 2417784225838,
    "customer_id": 3395170795566,
    "product_id": 4624482598958,
    "product_price": 90,
    "day": "2020-09-12",
    "month": "2020-09",
    "net_quantity": 1,
    "net_sales": 90
  },
  {
    "product_title": "MF MASK - MLIBTY",
    "product_vendor": "Mlibty",
    "order_name": "#1270",
    "order_id": 2471163068462,
    "customer_id": 3446801236014,
    "product_id": 4546200961070,
    "product_price": 16.99,
    "day": "2020-10-11",
    "month": "2020-10",
    "net_quantity": 1,
    "net_sales": 16.99
  },
  {
    "product_title": "YFI.01 - HOODIE",
    "product_vendor": "YFI SUPPLY",
    "order_name": "#1132",
    "order_id": 2430262345774,
    "customer_id": 3406635270190,
    "product_id": 4624482598958,
    "product_price": 110,
    "day": "2020-09-19",
    "month": "2020-09",
    "net_quantity": 1,
    "net_sales": 110
  },
  {
    "product_title": "$BASEDBALL CAP",
    "product_vendor": "$BASED",
    "order_name": "#1201",
    "order_id": 2453243232302,
    "customer_id": 3432569339950,
    "product_id": 4634672070702,
    "product_price": 69.69,
    "day": "2020-10-02",
    "month": "2020-10",
    "net_quantity": 1,
    "net_sales": 69.69
  },
  {
    "product_title": "YFI.01 - HOODIE",
    "product_vendor": "YFI SUPPLY",
    "order_name": "#1248",
    "order_id": 2462560616494,
    "customer_id": 3441879777326,
    "product_id": 4624482598958,
    "product_price": 220,
    "day": "2020-10-07",
    "month": "2020-10",
    "net_quantity": 1,
    "net_sales": 220
  },
  {
    "product_title": "MF MASK - PAJARITAFLORA",
    "product_vendor": "PajaritaFlora",
    "order_name": "#1292",
    "order_id": 2521603702830,
    "customer_id": 3148216893486,
    "product_id": 4549122457646,
    "product_price": 16.99,
    "day": "2020-11-14",
    "month": "2020-11",
    "net_quantity": 1,
    "net_sales": 16.99
  },
  {
    "product_title": "YFI.01 - HOODIE",
    "product_vendor": "YFI SUPPLY",
    "order_name": "#1183",
    "order_id": 2442162536494,
    "customer_id": 3419850801198,
    "product_id": 4624482598958,
    "product_price": 220,
    "day": "2020-09-26",
    "month": "2020-09",
    "net_quantity": 1,
    "net_sales": 220
  },
  {
    "product_title": "MF MASK - ALOTTA MONEY",
    "product_vendor": "Alotta Money",
    "order_name": "#1006",
    "order_id": 2176032505902,
    "customer_id": 3120995205166,
    "product_id": 4540837462062,
    "product_price": 16.99,
    "day": "2020-05-14",
    "month": "2020-05",
    "net_quantity": 1,
    "net_sales": 16.99
  },
  {
    "product_title": "YFI.01 - HOODIE",
    "product_vendor": "YFI SUPPLY",
    "order_name": "#1068",
    "order_id": 2376512602158,
    "customer_id": 3350553296942,
    "product_id": 4624482598958,
    "product_price": 90,
    "day": "2020-08-21",
    "month": "2020-08",
    "net_quantity": 1,
    "net_sales": 90
  },
  {
    "product_title": "MF MASK - JAVIER ARRÉS",
    "product_vendor": "Javier Arres",
    "order_name": "#1017",
    "order_id": 2178362900526,
    "customer_id": 3124181958702,
    "product_id": 4504463278126,
    "product_price": 16.99,
    "day": "2020-05-15",
    "month": "2020-05",
    "net_quantity": 1,
    "net_sales": 16.99
  },
  {
    "product_title": "YFI.01 - HOODIE",
    "product_vendor": "YFI SUPPLY",
    "order_name": "#1199",
    "order_id": 2453043675182,
    "customer_id": 3432327577646,
    "product_id": 4624482598958,
    "product_price": 220,
    "day": "2020-10-02",
    "month": "2020-10",
    "net_quantity": 1,
    "net_sales": 220
  },
  {
    "product_title": "$BASEDBALL CAP",
    "product_vendor": "$BASED",
    "order_name": "#1206",
    "order_id": 2454165848110,
    "customer_id": 3433541402670,
    "product_id": 4634672070702,
    "product_price": 69.69,
    "day": "2020-10-02",
    "month": "2020-10",
    "net_quantity": 1,
    "net_sales": 69.69
  },
  {
    "product_title": "YFI.01 - HOODIE",
    "product_vendor": "YFI SUPPLY",
    "order_name": "#1074",
    "order_id": 2384836788270,
    "customer_id": 3358867161134,
    "product_id": 4624482598958,
    "product_price": 90,
    "day": "2020-08-25",
    "month": "2020-08",
    "net_quantity": 1,
    "net_sales": 90
  },
  {
    "product_title": "MF MASK - URIEL HERNANDEZ",
    "product_vendor": "Uriel Hernandez",
    "order_name": "#1036",
    "order_id": 2318899019822,
    "customer_id": 3287630282798,
    "product_id": 4546196701230,
    "product_price": 16.99,
    "day": "2020-07-23",
    "month": "2020-07",
    "net_quantity": 1,
    "net_sales": 16.99
  },
  {
    "product_title": "YFI.01 - HOODIE",
    "product_vendor": "YFI SUPPLY",
    "order_name": "#1099",
    "order_id": 2418934644782,
    "customer_id": 3348595441710,
    "product_id": 4624482598958,
    "product_price": 110,
    "day": "2020-09-13",
    "month": "2020-09",
    "net_quantity": 1,
    "net_sales": 110
  },
  {
    "product_title": "MF MASK - HEXEOSIS",
    "product_vendor": "Hexeosis",
    "order_name": "#1002",
    "order_id": 2175721406510,
    "customer_id": 3120605495342,
    "product_id": 4542707138606,
    "product_price": 16.99,
    "day": "2020-05-14",
    "month": "2020-05",
    "net_quantity": 1,
    "net_sales": 16.99
  },
  {
    "product_title": "YFI.01 - HOODIE",
    "product_vendor": "YFI SUPPLY",
    "order_name": "#1060",
    "order_id": 2371913318446,
    "customer_id": 3346421219374,
    "product_id": 4624482598958,
    "product_price": 90,
    "day": "2020-08-18",
    "month": "2020-08",
    "net_quantity": 1,
    "net_sales": 90
  },
  {
    "product_title": "$BASEDBALL CAP",
    "product_vendor": "$BASED",
    "order_name": "#1135",
    "order_id": 2430439030830,
    "customer_id": 3407003484206,
    "product_id": 4634672070702,
    "product_price": 69.69,
    "day": "2020-09-19",
    "month": "2020-09",
    "net_quantity": 1,
    "net_sales": 69.69
  },
  {
    "product_title": "YAM JAMS",
    "product_vendor": "MetaFactory",
    "order_name": "#1080",
    "order_id": 2394337116206,
    "customer_id": 3303892451374,
    "product_id": 4634655359022,
    "product_price": 69,
    "day": "2020-08-31",
    "month": "2020-08",
    "net_quantity": 1,
    "net_sales": 69
  },
  {
    "product_title": "MF MASK - JIVINCI",
    "product_vendor": "Jivinci",
    "order_name": "#1032",
    "order_id": 2277098618926,
    "customer_id": 3241665724462,
    "product_id": 4546137358382,
    "product_price": 16.99,
    "day": "2020-07-02",
    "month": "2020-07",
    "net_quantity": 1,
    "net_sales": 16.99
  },
  {
    "product_title": "YAM JAMS",
    "product_vendor": "MetaFactory",
    "order_name": "#1065",
    "order_id": 2374112084014,
    "customer_id": 3348488880174,
    "product_id": 4634655359022,
    "product_price": 69,
    "day": "2020-08-19",
    "month": "2020-08",
    "net_quantity": 1,
    "net_sales": 69
  },
  {
    "product_title": "MF MASK - Hexeosis",
    "product_vendor": "Hexeosis",
    "order_name": "#1001",
    "order_id": 2171697037358,
    "customer_id": 3116316065838,
    "product_id": 4542707138606,
    "product_price": 16.99,
    "day": "2020-05-12",
    "month": "2020-05",
    "net_quantity": 1,
    "net_sales": 16.99
  },
  {
    "product_title": "MF MASK - SHORTCUT",
    "product_vendor": "Shortcut",
    "order_name": "#1034",
    "order_id": 2307728244782,
    "customer_id": 3275734777902,
    "product_id": 4542701436974,
    "product_price": 16.99,
    "day": "2020-07-18",
    "month": "2020-07",
    "net_quantity": 2,
    "net_sales": 33.98
  },
  {
    "product_title": "Chest Crest\" Black Tee",
    "product_vendor": "MetaMogul",
    "order_name": "#1109",
    "order_id": 2429009854510,
    "customer_id": 3348595441710,
    "product_id": 4649458401326,
    "product_price": 50,
    "day": "2020-09-18",
    "month": "2020-09",
    "net_quantity": 1,
    "net_sales": 50
  },
  {
    "product_title": "YAM JAMS",
    "product_vendor": "MetaFactory",
    "order_name": "#1066",
    "order_id": 2374223331374,
    "customer_id": 3348595441710,
    "product_id": 4634655359022,
    "product_price": 69,
    "day": "2020-08-19",
    "month": "2020-08",
    "net_quantity": 1,
    "net_sales": 69
  },
  {
    "product_title": "weesh",
    "product_vendor": "BlueKirby",
    "order_name": "#1168",
    "order_id": 2435360325678,
    "customer_id": 3412407484462,
    "product_id": 4649782378542,
    "product_price": 59,
    "day": "2020-09-22",
    "month": "2020-09",
    "net_quantity": 1,
    "net_sales": 59
  },
  {
    "product_title": "MF MASK - SHORTCUT",
    "product_vendor": "Shortcut",
    "order_name": "#1003",
    "order_id": 2175837601838,
    "customer_id": 3120727490606,
    "product_id": 4542701436974,
    "product_price": 16.99,
    "day": "2020-05-14",
    "month": "2020-05",
    "net_quantity": 1,
    "net_sales": 16.99
  },
  {
    "product_title": "MF MASK - SPACED PAINTER",
    "product_vendor": "Spaced Painter",
    "order_name": "#1270",
    "order_id": 2471163068462,
    "customer_id": 3446801236014,
    "product_id": 4549226889262,
    "product_price": 16.99,
    "day": "2020-10-11",
    "month": "2020-10",
    "net_quantity": 2,
    "net_sales": 33.98
  },
  {
    "product_title": "NOT A SHIRT",
    "product_vendor": "MEME",
    "order_name": "#1252",
    "order_id": 2466145992750,
    "customer_id": 3445337587758,
    "product_id": 4655315943470,
    "product_price": 72,
    "day": "2020-10-08",
    "month": "2020-10",
    "net_quantity": 1,
    "net_sales": 72
  },
  {
    "product_title": "weesh",
    "product_vendor": "BlueKirby",
    "order_name": "#1146",
    "order_id": 2431211929646,
    "customer_id": 3348428259374,
    "product_id": 4649782378542,
    "product_price": 59,
    "day": "2020-09-19",
    "month": "2020-09",
    "net_quantity": 2,
    "net_sales": 118
  },
  {
    "product_title": "NOT A SHIRT",
    "product_vendor": "MEME",
    "order_name": "#1279",
    "order_id": 2499535044654,
    "customer_id": 3481648496686,
    "product_id": 4655315943470,
    "product_price": 72,
    "day": "2020-10-29",
    "month": "2020-10",
    "net_quantity": 1,
    "net_sales": 72
  },
  {
    "product_title": "MF MASK - METADREAMER",
    "product_vendor": "METADREAMER",
    "order_name": "#1183",
    "order_id": 2442162536494,
    "customer_id": 3419850801198,
    "product_id": 4546341240878,
    "product_price": 16.99,
    "day": "2020-09-26",
    "month": "2020-09",
    "net_quantity": 1,
    "net_sales": 16.99
  },
  {
    "product_title": "NOT A SHIRT",
    "product_vendor": "MEME",
    "order_name": "#1280",
    "order_id": 2499581181998,
    "customer_id": 3481699385390,
    "product_id": 4655315943470,
    "product_price": 72,
    "day": "2020-10-29",
    "month": "2020-10",
    "net_quantity": 1,
    "net_sales": 72
  },
  {
    "product_title": "weesh",
    "product_vendor": "BlueKirby",
    "order_name": "#1154",
    "order_id": 2432214073390,
    "customer_id": 3409366089774,
    "product_id": 4649782378542,
    "product_price": 59,
    "day": "2020-09-20",
    "month": "2020-09",
    "net_quantity": 1,
    "net_sales": 59
  },
  {
    "product_title": "NOT A SHIRT",
    "product_vendor": "MEME",
    "order_name": "#1190",
    "order_id": 2449492115502,
    "customer_id": 3427867426862,
    "product_id": 4655315943470,
    "product_price": 72,
    "day": "2020-09-30",
    "month": "2020-09",
    "net_quantity": 1,
    "net_sales": 72
  },
  {
    "product_title": "MF MASK - SPACED PAINTER",
    "product_vendor": "Spaced Painter",
    "order_name": "#1008",
    "order_id": 2176108396590,
    "customer_id": 3121117986862,
    "product_id": 4549226889262,
    "product_price": 16.99,
    "day": "2020-05-14",
    "month": "2020-05",
    "net_quantity": 1,
    "net_sales": 16.99
  },
  {
    "product_title": "NOT A SHIRT",
    "product_vendor": "MEME",
    "order_name": "#1232",
    "order_id": 2462016962606,
    "customer_id": 3441395564590,
    "product_id": 4655315943470,
    "product_price": 72,
    "day": "2020-10-06",
    "month": "2020-10",
    "net_quantity": 1,
    "net_sales": 72
  },
  {
    "product_title": "Chest Crest\" Red Tee",
    "product_vendor": "MetaMogul",
    "order_name": "#1169",
    "order_id": 2435369271342,
    "customer_id": 3412415709230,
    "product_id": 4649464332334,
    "product_price": 50,
    "day": "2020-09-22",
    "month": "2020-09",
    "net_quantity": 1,
    "net_sales": 50
  },
  {
    "product_title": "NOT A SHIRT",
    "product_vendor": "MEME",
    "order_name": "#1251",
    "order_id": 2463083364398,
    "customer_id": 3442552471598,
    "product_id": 4655315943470,
    "product_price": 72,
    "day": "2020-10-07",
    "month": "2020-10",
    "net_quantity": 1,
    "net_sales": 72
  },
  {
    "product_title": "MF MASK - ALOTTA MONEY",
    "product_vendor": "Alotta Money",
    "order_name": "#1305",
    "order_id": 2554944946222,
    "customer_id": 3450504380462,
    "product_id": 4540837462062,
    "product_price": 16.99,
    "day": "2020-12-01",
    "month": "2020-12",
    "net_quantity": 1,
    "net_sales": 16.99
  },
  {
    "product_title": "NOT A SHIRT",
    "product_vendor": "MEME",
    "order_name": "#1226",
    "order_id": 2461960044590,
    "customer_id": 3441338515502,
    "product_id": 4655315943470,
    "product_price": 72,
    "day": "2020-10-06",
    "month": "2020-10",
    "net_quantity": 1,
    "net_sales": 72
  },
  {
    "product_title": "The Unknown Traveler - T-Shirt",
    "product_vendor": "MetaFactory",
    "order_name": "#1268",
    "order_id": 2469862735918,
    "customer_id": 3405520535598,
    "product_id": 4638008967214,
    "product_price": 50,
    "day": "2020-10-11",
    "month": "2020-10",
    "net_quantity": 1,
    "net_sales": 50
  },
  {
    "product_title": "NOT A SHIRT",
    "product_vendor": "MEME",
    "order_name": "#1192",
    "order_id": 2449590517806,
    "customer_id": 3427959504942,
    "product_id": 4655315943470,
    "product_price": 72,
    "day": "2020-09-30",
    "month": "2020-09",
    "net_quantity": -1,
    "net_sales": -72
  },
  {
    "product_title": "The Heart\" Tee",
    "product_vendor": "Eva Beylin",
    "order_name": "#1310",
    "order_id": 2561292042286,
    "customer_id": 3441300373550,
    "product_id": 4675397713966,
    "product_price": 70,
    "day": "2020-12-04",
    "month": "2020-12",
    "net_quantity": 1,
    "net_sales": 70
  },
  {
    "product_title": "NOT A SHIRT",
    "product_vendor": "MEME",
    "order_name": "#1250",
    "order_id": 2462871257134,
    "customer_id": 3418681311278,
    "product_id": 4655315943470,
    "product_price": 72,
    "day": "2020-10-07",
    "month": "2020-10",
    "net_quantity": 1,
    "net_sales": 72
  },
  {
    "product_title": "MF MASK - SKEENEE",
    "product_vendor": "Skeenee",
    "order_name": "#1006",
    "order_id": 2176032505902,
    "customer_id": 3120995205166,
    "product_id": 4542718574638,
    "product_price": 16.99,
    "day": "2020-05-14",
    "month": "2020-05",
    "net_quantity": 1,
    "net_sales": 16.99
  },
  {
    "product_title": "NOT A SHIRT",
    "product_vendor": "MEME",
    "order_name": "#1245",
    "order_id": 2462295326766,
    "customer_id": 3441595285550,
    "product_id": 4655315943470,
    "product_price": 72,
    "day": "2020-10-07",
    "month": "2020-10",
    "net_quantity": 0,
    "net_sales": 0
  },
  {
    "product_title": "Chest Crest\" Black Tee",
    "product_vendor": "MetaMogul",
    "order_name": "#1180",
    "order_id": 2441048490030,
    "customer_id": 3418648772654,
    "product_id": 4649458401326,
    "product_price": 50,
    "day": "2020-09-25",
    "month": "2020-09",
    "net_quantity": 1,
    "net_sales": 50
  },
  {
    "product_title": "NOT A SHIRT",
    "product_vendor": "MEME",
    "order_name": "#1268",
    "order_id": 2469862735918,
    "customer_id": 3405520535598,
    "product_id": 4655315943470,
    "product_price": 72,
    "day": "2020-10-11",
    "month": "2020-10",
    "net_quantity": 1,
    "net_sales": 72
  },
  {
    "product_title": "MF MASK - TOXSAM",
    "product_vendor": "ToxSam",
    "order_name": "#1025",
    "order_id": 2203280080942,
    "customer_id": 3154344542254,
    "product_id": 4549207851054,
    "product_price": 16.99,
    "day": "2020-05-26",
    "month": "2020-05",
    "net_quantity": 2,
    "net_sales": 33.98
  },
  {
    "product_title": "NOT A SHIRT",
    "product_vendor": "MEME",
    "order_name": "#1224",
    "order_id": 2461924032558,
    "customer_id": 3441302765614,
    "product_id": 4655315943470,
    "product_price": 72,
    "day": "2020-10-06",
    "month": "2020-10",
    "net_quantity": 1,
    "net_sales": 72
  },
  {
    "product_title": "YAM JAMS",
    "product_vendor": "$YAM",
    "order_name": "#1235",
    "order_id": 2462107992110,
    "customer_id": 3405520142382,
    "product_id": 4634655359022,
    "product_price": 69,
    "day": "2020-10-06",
    "month": "2020-10",
    "net_quantity": 1,
    "net_sales": 69
  },
  {
    "product_title": "The Unknown Traveler - Tank Top",
    "product_vendor": "Rare Designer",
    "order_name": "#1263",
    "order_id": 2467782885422,
    "customer_id": 3446801236014,
    "product_id": 4638001397806,
    "product_price": 40,
    "day": "2020-10-09",
    "month": "2020-10",
    "net_quantity": 1,
    "net_sales": 40
  },
  {
    "product_title": "GENESIS\" BODY BAG",
    "product_vendor": "MetaFactory",
    "order_name": "#1259",
    "order_id": 2467695263790,
    "customer_id": 3446759587886,
    "product_id": 4630462365742,
    "product_price": 49,
    "day": "2020-10-09",
    "month": "2020-10",
    "net_quantity": 1,
    "net_sales": 49
  },
  {
    "product_title": "Twisted Dreaming\" Jogger",
    "product_vendor": "Wicked Sunday Club",
    "order_name": "#1173",
    "order_id": 2435431170094,
    "customer_id": 3121117986862,
    "product_id": 4646369689646,
    "product_price": 110,
    "day": "2020-09-22",
    "month": "2020-09",
    "net_quantity": 1,
    "net_sales": 110
  },
  {
    "product_title": "Twisted Dreaming\" Jogger",
    "product_vendor": "Wicked Sunday Club",
    "order_name": "#1210",
    "order_id": 2458725154862,
    "customer_id": 3438062141486,
    "product_id": 4646369689646,
    "product_price": 110,
    "day": "2020-10-04",
    "month": "2020-10",
    "net_quantity": 1,
    "net_sales": 110
  },
  {
    "product_title": "GENESIS\" BODY BAG",
    "product_vendor": "MetaFactory",
    "order_name": "#1210",
    "order_id": 2458725154862,
    "customer_id": 3438062141486,
    "product_id": 4630462365742,
    "product_price": 49,
    "day": "2020-10-04",
    "month": "2020-10",
    "net_quantity": 1,
    "net_sales": 49
  },
  {
    "product_title": "YFI.01 - HOODIE",
    "product_vendor": "YFI SUPPLY",
    "order_name": "#1079",
    "order_id": 2393523585070,
    "customer_id": 3358867161134,
    "product_id": 4624482598958,
    "product_price": 90,
    "day": "2020-08-30",
    "month": "2020-08",
    "net_quantity": 2,
    "net_sales": 180
  },
  {
    "product_title": "Fractalized\" Tee",
    "product_vendor": "MetaMogul",
    "order_name": "#1302",
    "order_id": 2533535350830,
    "customer_id": 3514287816750,
    "product_id": 4649457975342,
    "product_price": 50,
    "day": "2020-11-23",
    "month": "2020-11",
    "net_quantity": 10,
    "net_sales": 500
  },
  {
    "product_title": "YFI.01 - HOODIE",
    "product_vendor": "YFI SUPPLY",
    "order_name": "#1080",
    "order_id": 2394337116206,
    "customer_id": 3303892451374,
    "product_id": 4624482598958,
    "product_price": 90,
    "day": "2020-08-31",
    "month": "2020-08",
    "net_quantity": 1,
    "net_sales": 90
  },
  {
    "product_title": "GENESIS\" BODY BAG",
    "product_vendor": "MetaFactory",
    "order_name": "#1249",
    "order_id": 2462745886766,
    "customer_id": 3442053808174,
    "product_id": 4630462365742,
    "product_price": 49,
    "day": "2020-10-07",
    "month": "2020-10",
    "net_quantity": 1,
    "net_sales": 49
  },
  {
    "product_title": "YFI.01 - HOODIE",
    "product_vendor": "YFI SUPPLY",
    "order_name": "#1207",
    "order_id": 2454272737326,
    "customer_id": 3433652486190,
    "product_id": 4624482598958,
    "product_price": 220,
    "day": "2020-10-02",
    "month": "2020-10",
    "net_quantity": 0,
    "net_sales": 0
  },
  {
    "product_title": "MF MASK - URIEL HERNANDEZ",
    "product_vendor": "Uriel Hernandez",
    "order_name": "#1003",
    "order_id": 2175837601838,
    "customer_id": 3120727490606,
    "product_id": 4546196701230,
    "product_price": 16.99,
    "day": "2020-05-14",
    "month": "2020-05",
    "net_quantity": 1,
    "net_sales": 16.99
  },
  {
    "product_title": "YFI.01 - HOODIE",
    "product_vendor": "YFI SUPPLY",
    "order_name": "#1116",
    "order_id": 2429037019182,
    "customer_id": 3405665468462,
    "product_id": 4624482598958,
    "product_price": 110,
    "day": "2020-09-18",
    "month": "2020-09",
    "net_quantity": 1,
    "net_sales": 110
  },
  {
    "product_title": "GENESIS\" BODY BAG",
    "product_vendor": "MetaFactory",
    "order_name": "#1177",
    "order_id": 2439507476526,
    "customer_id": 3405519781934,
    "product_id": 4630462365742,
    "product_price": 49,
    "day": "2020-09-24",
    "month": "2020-09",
    "net_quantity": 1,
    "net_sales": 49
  },
  {
    "product_title": "YFI.01 - HOODIE",
    "product_vendor": "YFI SUPPLY",
    "order_name": "#1261",
    "order_id": 2467776397358,
    "customer_id": 3446834135086,
    "product_id": 4624482598958,
    "product_price": 220,
    "day": "2020-10-09",
    "month": "2020-10",
    "net_quantity": 1,
    "net_sales": 220
  },
  {
    "product_title": "Fractalized\" Tee",
    "product_vendor": "MetaMogul",
    "order_name": "#1198",
    "order_id": 2452824588334,
    "customer_id": 3432175108142,
    "product_id": 4649457975342,
    "product_price": 50,
    "day": "2020-10-01",
    "month": "2020-10",
    "net_quantity": 1,
    "net_sales": 50
  },
  {
    "product_title": "YFI.01 - HOODIE",
    "product_vendor": "YFI SUPPLY",
    "order_name": "#1114",
    "order_id": 2429026304046,
    "customer_id": 3405655932974,
    "product_id": 4624482598958,
    "product_price": 110,
    "day": "2020-09-18",
    "month": "2020-09",
    "net_quantity": 1,
    "net_sales": 110
  },
  {
    "product_title": "MF MASK - MEEMURBIT",
    "product_vendor": "MEEMURBIT",
    "order_name": "#1267",
    "order_id": 2469673467950,
    "customer_id": 3405664714798,
    "product_id": 4597786378286,
    "product_price": 16.99,
    "day": "2020-10-10",
    "month": "2020-10",
    "net_quantity": 1,
    "net_sales": 16.99
  },
  {
    "product_title": "YFI.01 - HOODIE",
    "product_vendor": "YFI SUPPLY",
    "order_name": "#1050",
    "order_id": 2334688739374,
    "customer_id": 3304543256622,
    "product_id": 4624482598958,
    "product_price": 90,
    "day": "2020-07-30",
    "month": "2020-07",
    "net_quantity": 1,
    "net_sales": 90
  },
  {
    "product_title": "MF MASK - ALOTTA MONEY",
    "product_vendor": "Alotta Money",
    "order_name": "#1294",
    "order_id": 2524499542062,
    "customer_id": 3506443649070,
    "product_id": 4540837462062,
    "product_price": 16.99,
    "day": "2020-11-16",
    "month": "2020-11",
    "net_quantity": 1,
    "net_sales": 16.99
  },
  {
    "product_title": "YFI.01 - HOODIE",
    "product_vendor": "YFI SUPPLY",
    "order_name": "#1070",
    "order_id": 2377930965038,
    "customer_id": 3352067375150,
    "product_id": 4624482598958,
    "product_price": 90,
    "day": "2020-08-21",
    "month": "2020-08",
    "net_quantity": 1,
    "net_sales": 90
  },
  {
    "product_title": "MF MASK - MLIBTY",
    "product_vendor": "Mlibty",
    "order_name": "#1002",
    "order_id": 2175721406510,
    "customer_id": 3120605495342,
    "product_id": 4546200961070,
    "product_price": 16.99,
    "day": "2020-05-14",
    "month": "2020-05",
    "net_quantity": 1,
    "net_sales": 16.99
  },
  {
    "product_title": "YFI.01 - HOODIE",
    "product_vendor": "YFI SUPPLY",
    "order_name": "#1189",
    "order_id": 2445194100782,
    "customer_id": 3423140970542,
    "product_id": 4624482598958,
    "product_price": 220,
    "day": "2020-09-27",
    "month": "2020-09",
    "net_quantity": 1,
    "net_sales": 220
  },
  {
    "product_title": "$BASEDBALL CAP",
    "product_vendor": "$BASED",
    "order_name": "#1174",
    "order_id": 2438964445230,
    "customer_id": 3416316608558,
    "product_id": 4634672070702,
    "product_price": 69.69,
    "day": "2020-09-24",
    "month": "2020-09",
    "net_quantity": 1,
    "net_sales": 69.69
  },
  {
    "product_title": "YFI.01 - HOODIE",
    "product_vendor": "YFI SUPPLY",
    "order_name": "#1119",
    "order_id": 2429284384814,
    "customer_id": 3405841006638,
    "product_id": 4624482598958,
    "product_price": 110,
    "day": "2020-09-18",
    "month": "2020-09",
    "net_quantity": 1,
    "net_sales": 110
  },
  {
    "product_title": "MF MASK - PAJARITAFLORA",
    "product_vendor": "PajaritaFlora",
    "order_name": "#1268",
    "order_id": 2469862735918,
    "customer_id": 3405520535598,
    "product_id": 4549122457646,
    "product_price": 16.99,
    "day": "2020-10-11",
    "month": "2020-10",
    "net_quantity": 1,
    "net_sales": 16.99
  },
  {
    "product_title": "YFI.01 - HOODIE",
    "product_vendor": "YFI SUPPLY",
    "order_name": "#1102",
    "order_id": 2426156318766,
    "customer_id": 3403168841774,
    "product_id": 4624482598958,
    "product_price": 110,
    "day": "2020-09-17",
    "month": "2020-09",
    "net_quantity": 1,
    "net_sales": 110
  },
  {
    "product_title": "MF MASK - VAUNKER",
    "product_vendor": "Vaunker",
    "order_name": "#1292",
    "order_id": 2521603702830,
    "customer_id": 3148216893486,
    "product_id": 4542703140910,
    "product_price": 16.99,
    "day": "2020-11-14",
    "month": "2020-11",
    "net_quantity": 1,
    "net_sales": 16.99
  },
  {
    "product_title": "YFI.01 - HOODIE",
    "product_vendor": "YFI SUPPLY",
    "order_name": "#1113",
    "order_id": 2429021749294,
    "customer_id": 3405649346606,
    "product_id": 4624482598958,
    "product_price": 110,
    "day": "2020-09-18",
    "month": "2020-09",
    "net_quantity": 1,
    "net_sales": 110
  },
  {
    "product_title": "MF MASK - PAJARITAFLORA",
    "product_vendor": "PajaritaFlora",
    "order_name": "#1014",
    "order_id": 2176827719726,
    "customer_id": 3122717130798,
    "product_id": 4549122457646,
    "product_price": 16.99,
    "day": "2020-05-15",
    "month": "2020-05",
    "net_quantity": 1,
    "net_sales": 16.99
  },
  {
    "product_title": "YFI.01 - HOODIE",
    "product_vendor": "YFI SUPPLY",
    "order_name": "#1098",
    "order_id": 2418417008686,
    "customer_id": 3395750658094,
    "product_id": 4624482598958,
    "product_price": 110,
    "day": "2020-09-12",
    "month": "2020-09",
    "net_quantity": 1,
    "net_sales": 110
  },
  {
    "product_title": "YAM JAMS",
    "product_vendor": "$YAM",
    "order_name": "#1268",
    "order_id": 2469862735918,
    "customer_id": 3405520535598,
    "product_id": 4634655359022,
    "product_price": 69,
    "day": "2020-10-11",
    "month": "2020-10",
    "net_quantity": 1,
    "net_sales": 69
  },
  {
    "product_title": "YFI.01 - HOODIE",
    "product_vendor": "YFI SUPPLY",
    "order_name": "#1076",
    "order_id": 2391264722990,
    "customer_id": 3369055027246,
    "product_id": 4624482598958,
    "product_price": 90,
    "day": "2020-08-29",
    "month": "2020-08",
    "net_quantity": 1,
    "net_sales": 90
  },
  {
    "product_title": "MF MASK - PAJARITAFLORA",
    "product_vendor": "PajaritaFlora",
    "order_name": "#1028",
    "order_id": 2220878757934,
    "customer_id": 3173502025774,
    "product_id": 4549122457646,
    "product_price": 16.99,
    "day": "2020-06-04",
    "month": "2020-06",
    "net_quantity": 1,
    "net_sales": 16.99
  },
  {
    "product_title": "YFI.01 - HOODIE",
    "product_vendor": "YFI SUPPLY",
    "order_name": "#1047",
    "order_id": 2334517231662,
    "customer_id": 3304400453678,
    "product_id": 4624482598958,
    "product_price": 90,
    "day": "2020-07-30",
    "month": "2020-07",
    "net_quantity": 1,
    "net_sales": 90
  },
  {
    "product_title": "MF MASK - HEXEOSIS",
    "product_vendor": "Hexeosis",
    "order_name": "#1038",
    "order_id": 2321904926766,
    "customer_id": 3290877853742,
    "product_id": 4542707138606,
    "product_price": 16.99,
    "day": "2020-07-24",
    "month": "2020-07",
    "net_quantity": 1,
    "net_sales": 16.99
  },
  {
    "product_title": "YFI.01 - HOODIE",
    "product_vendor": "YFI SUPPLY",
    "order_name": "#1112",
    "order_id": 2429020831790,
    "customer_id": 3405643939886,
    "product_id": 4624482598958,
    "product_price": 110,
    "day": "2020-09-18",
    "month": "2020-09",
    "net_quantity": 1,
    "net_sales": 110
  },
  {
    "product_title": "MF MASK - JAVIER ARRÉS",
    "product_vendor": "Javier Arres",
    "order_name": "#1001",
    "order_id": 2171697037358,
    "customer_id": 3116316065838,
    "product_id": 4504463278126,
    "product_price": 16.99,
    "day": "2020-05-12",
    "month": "2020-05",
    "net_quantity": -1,
    "net_sales": -16.99
  },
  {
    "product_title": "YFI.01 - HOODIE",
    "product_vendor": "YFI SUPPLY",
    "order_name": "#1187",
    "order_id": 2444501745710,
    "customer_id": 3384182833198,
    "product_id": 4624482598958,
    "product_price": 220,
    "day": "2020-09-27",
    "month": "2020-09",
    "net_quantity": 1,
    "net_sales": 220
  },
  {
    "product_title": "$BASEDBALL CAP",
    "product_vendor": "$BASED",
    "order_name": "#1062",
    "order_id": 2373861212206,
    "customer_id": 3348249083950,
    "product_id": 4634672070702,
    "product_price": 69.69,
    "day": "2020-08-19",
    "month": "2020-08",
    "net_quantity": 1,
    "net_sales": 69.69
  },
  {
    "product_title": "YFI.01 - HOODIE",
    "product_vendor": "YFI SUPPLY",
    "order_name": "#1205",
    "order_id": 2453846884398,
    "customer_id": 3433209954350,
    "product_id": 4624482598958,
    "product_price": 220,
    "day": "2020-10-02",
    "month": "2020-10",
    "net_quantity": 1,
    "net_sales": 220
  },
  {
    "product_title": "MF MASK - JAVIER ARRÉS",
    "product_vendor": "Javier Arres",
    "order_name": "#1016",
    "order_id": 2178241757230,
    "customer_id": 3124068614190,
    "product_id": 4504463278126,
    "product_price": 16.99,
    "day": "2020-05-15",
    "month": "2020-05",
    "net_quantity": 1,
    "net_sales": 16.99
  },
  {
    "product_title": "YFI.01 - HOODIE",
    "product_vendor": "YFI SUPPLY",
    "order_name": "#1094",
    "order_id": 2416910827566,
    "customer_id": 3394374434862,
    "product_id": 4624482598958,
    "product_price": 90,
    "day": "2020-09-12",
    "month": "2020-09",
    "net_quantity": 1,
    "net_sales": 90
  },
  {
    "product_title": "MF MASK - HEXEOSIS",
    "product_vendor": "Hexeosis",
    "order_name": "#1012",
    "order_id": 2176387612718,
    "customer_id": 3122019237934,
    "product_id": 4542707138606,
    "product_price": 16.99,
    "day": "2020-05-14",
    "month": "2020-05",
    "net_quantity": 2,
    "net_sales": 33.98
  },
  {
    "product_title": "YFI.01 - HOODIE",
    "product_vendor": "YFI SUPPLY",
    "order_name": "#1085",
    "order_id": 2405178540078,
    "customer_id": 3383988617262,
    "product_id": 4624482598958,
    "product_price": 90,
    "day": "2020-09-05",
    "month": "2020-09",
    "net_quantity": 1,
    "net_sales": 90
  },
  {
    "product_title": "Chest Crest\" Black Tee",
    "product_vendor": "MetaMogul",
    "order_name": "#1268",
    "order_id": 2469862735918,
    "customer_id": 3405520535598,
    "product_id": 4649458401326,
    "product_price": 50,
    "day": "2020-10-11",
    "month": "2020-10",
    "net_quantity": 1,
    "net_sales": 50
  },
  {
    "product_title": "YFI.01 - HOODIE",
    "product_vendor": "YFI SUPPLY",
    "order_name": "#1069",
    "order_id": 2377927655470,
    "customer_id": 3352067375150,
    "product_id": 4624482598958,
    "product_price": 90,
    "day": "2020-08-21",
    "month": "2020-08",
    "net_quantity": 1,
    "net_sales": 90
  },
  {
    "product_title": "$BASEDBALL CAP",
    "product_vendor": "$BASED",
    "order_name": "#1075",
    "order_id": 2387654508590,
    "customer_id": 3364183703598,
    "product_id": 4634672070702,
    "product_price": 69.69,
    "day": "2020-08-27",
    "month": "2020-08",
    "net_quantity": 1,
    "net_sales": 69.69
  },
  {
    "product_title": "YFI.01 - HOODIE",
    "product_vendor": "YFI SUPPLY",
    "order_name": "#1044",
    "order_id": 2334301225006,
    "customer_id": 3304208957486,
    "product_id": 4624482598958,
    "product_price": 90,
    "day": "2020-07-30",
    "month": "2020-07",
    "net_quantity": 2,
    "net_sales": 180
  },
  {
    "product_title": "MF MASK - JIVINCI",
    "product_vendor": "Jivinci",
    "order_name": "#1053",
    "order_id": 2344350908462,
    "customer_id": 3223364534318,
    "product_id": 4546137358382,
    "product_price": 16.99,
    "day": "2020-08-04",
    "month": "2020-08",
    "net_quantity": 1,
    "net_sales": 16.99
  },
  {
    "product_title": "YFI.01 - HOODIE",
    "product_vendor": "YFI SUPPLY",
    "order_name": "#1108",
    "order_id": 2429007659054,
    "customer_id": 3405636108334,
    "product_id": 4624482598958,
    "product_price": 110,
    "day": "2020-09-18",
    "month": "2020-09",
    "net_quantity": 1,
    "net_sales": 110
  },
  {
    "product_title": "MF MASK - ALOTTA MONEY",
    "product_vendor": "Alotta Money",
    "order_name": "#1268",
    "order_id": 2469862735918,
    "customer_id": 3405520535598,
    "product_id": 4540837462062,
    "product_price": 16.99,
    "day": "2020-10-11",
    "month": "2020-10",
    "net_quantity": 1,
    "net_sales": 16.99
  },
  {
    "product_title": "YFI.01 - HOODIE",
    "product_vendor": "YFI SUPPLY",
    "order_name": "#1107",
    "order_id": 2429007527982,
    "customer_id": 3405635289134,
    "product_id": 4624482598958,
    "product_price": 110,
    "day": "2020-09-18",
    "month": "2020-09",
    "net_quantity": 1,
    "net_sales": 110
  },
  {
    "product_title": "MF MASK - JIVINCI",
    "product_vendor": "Jivinci",
    "order_name": "#1205",
    "order_id": 2453846884398,
    "customer_id": 3433209954350,
    "product_id": 4546137358382,
    "product_price": 16.99,
    "day": "2020-10-02",
    "month": "2020-10",
    "net_quantity": 1,
    "net_sales": 16.99
  },
  {
    "product_title": "YAM JAMS",
    "product_vendor": "$YAM",
    "order_name": "#1238",
    "order_id": 2462123393070,
    "customer_id": 3405520142382,
    "product_id": 4634655359022,
    "product_price": 69,
    "day": "2020-10-06",
    "month": "2020-10",
    "net_quantity": 1,
    "net_sales": 69
  },
  {
    "product_title": "MF MASK - HEXEOSIS",
    "product_vendor": "Hexeosis",
    "order_name": "#1024",
    "order_id": 2198010429486,
    "customer_id": 3148216893486,
    "product_id": 4542707138606,
    "product_price": 16.99,
    "day": "2020-05-24",
    "month": "2020-05",
    "net_quantity": 1,
    "net_sales": 16.99
  },
  {
    "product_title": "MF MASK - JAVIER ARRÉS",
    "product_vendor": "Javier Arres",
    "order_name": "#1015",
    "order_id": 2177109295150,
    "customer_id": 3122993266734,
    "product_id": 4504463278126,
    "product_price": 16.99,
    "day": "2020-05-15",
    "month": "2020-05",
    "net_quantity": 1,
    "net_sales": 16.99
  },
  {
    "product_title": "$BASEDBALL CAP",
    "product_vendor": "$BASED",
    "order_name": "#1178",
    "order_id": 2439532347438,
    "customer_id": 3405657702446,
    "product_id": 4634672070702,
    "product_price": 69.69,
    "day": "2020-09-24",
    "month": "2020-09",
    "net_quantity": 1,
    "net_sales": 69.69
  },
  {
    "product_title": "MF MASK - JAVIER ARRÉS",
    "product_vendor": "Javier Arres",
    "order_name": "#1024",
    "order_id": 2198010429486,
    "customer_id": 3148216893486,
    "product_id": 4504463278126,
    "product_price": 16.99,
    "day": "2020-05-24",
    "month": "2020-05",
    "net_quantity": 1,
    "net_sales": 16.99
  },
  {
    "product_title": "MF MASK - METADREAMER",
    "product_vendor": "METADREAMER",
    "order_name": "#1268",
    "order_id": 2469862735918,
    "customer_id": 3405520535598,
    "product_id": 4546341240878,
    "product_price": 16.99,
    "day": "2020-10-11",
    "month": "2020-10",
    "net_quantity": 1,
    "net_sales": 16.99
  },
  {
    "product_title": "MF MASK - SHORTCUT",
    "product_vendor": "Shortcut",
    "order_name": "#1019",
    "order_id": 2183074873390,
    "customer_id": 3121150918702,
    "product_id": 4542701436974,
    "product_price": 16.99,
    "day": "2020-05-17",
    "month": "2020-05",
    "net_quantity": 1,
    "net_sales": 16.99
  },
  {
    "product_title": "$BASEDBALL CAP",
    "product_vendor": "$BASED",
    "order_name": "#1259",
    "order_id": 2467695263790,
    "customer_id": 3446759587886,
    "product_id": 4634672070702,
    "product_price": 69.69,
    "day": "2020-10-09",
    "month": "2020-10",
    "net_quantity": 1,
    "net_sales": 69.69
  },
  {
    "product_title": "MF MASK - SHORTCUT",
    "product_vendor": "Shortcut",
    "order_name": "#1018",
    "order_id": 2179778805806,
    "customer_id": 3125709340718,
    "product_id": 4542701436974,
    "product_price": 16.99,
    "day": "2020-05-16",
    "month": "2020-05",
    "net_quantity": 2,
    "net_sales": 33.98
  },
  {
    "product_title": "MF MASK - JIVINCI",
    "product_vendor": "Jivinci",
    "order_name": "#1270",
    "order_id": 2471163068462,
    "customer_id": 3446801236014,
    "product_id": 4546137358382,
    "product_price": 16.99,
    "day": "2020-10-11",
    "month": "2020-10",
    "net_quantity": 1,
    "net_sales": 16.99
  },
  {
    "product_title": "MF MASK - SHORTCUT",
    "product_vendor": "Shortcut",
    "order_name": "#1010",
    "order_id": 2176161906734,
    "customer_id": 3121250598958,
    "product_id": 4542701436974,
    "product_price": 16.99,
    "day": "2020-05-14",
    "month": "2020-05",
    "net_quantity": 1,
    "net_sales": 16.99
  },
  {
    "product_title": "MF MASK - Hexeosis",
    "product_vendor": "Hexeosis",
    "order_name": "#1001",
    "order_id": 2171697037358,
    "customer_id": 3116316065838,
    "product_id": 4542707138606,
    "product_price": 16.99,
    "day": "2020-05-12",
    "month": "2020-05",
    "net_quantity": -1,
    "net_sales": -16.99
  },
  {
    "product_title": "YAM JAMS",
    "product_vendor": "MetaFactory",
    "order_name": "#1064",
    "order_id": 2374048809006,
    "customer_id": 3348428259374,
    "product_id": 4634655359022,
    "product_price": 69,
    "day": "2020-08-19",
    "month": "2020-08",
    "net_quantity": 1,
    "net_sales": 69
  },
  {
    "product_title": "MF MASK - HEXEOSIS",
    "product_vendor": "Hexeosis",
    "order_name": "#1007",
    "order_id": 2176053411886,
    "customer_id": 3121045045294,
    "product_id": 4542707138606,
    "product_price": 16.99,
    "day": "2020-05-14",
    "month": "2020-05",
    "net_quantity": 1,
    "net_sales": 16.99
  },
  {
    "product_title": "MF MASK - SHORTCUT",
    "product_vendor": "Shortcut",
    "order_name": "#1001",
    "order_id": 2171697037358,
    "customer_id": 3116316065838,
    "product_id": 4542701436974,
    "product_price": 16.99,
    "day": "2020-05-12",
    "month": "2020-05",
    "net_quantity": -1,
    "net_sales": 0
  },
  {
    "product_title": "weesh",
    "product_vendor": "BlueKirby",
    "order_name": "#1158",
    "order_id": 2432824148014,
    "customer_id": 3409879826478,
    "product_id": 4649782378542,
    "product_price": 59,
    "day": "2020-09-20",
    "month": "2020-09",
    "net_quantity": 1,
    "net_sales": 59
  },
  {
    "product_title": "MF MASK - SHORTCUT",
    "product_vendor": "Shortcut",
    "order_name": "#1006",
    "order_id": 2176032505902,
    "customer_id": 3120995205166,
    "product_id": 4542701436974,
    "product_price": 16.99,
    "day": "2020-05-14",
    "month": "2020-05",
    "net_quantity": 1,
    "net_sales": 16.99
  },
  {
    "product_title": "YAM JAMS",
    "product_vendor": "$YAM",
    "order_name": "#1209",
    "order_id": 2457481412654,
    "customer_id": 3436872466478,
    "product_id": 4634655359022,
    "product_price": 69,
    "day": "2020-10-04",
    "month": "2020-10",
    "net_quantity": 1,
    "net_sales": 69
  },
  {
    "product_title": "MF MASK - SHORTCUT",
    "product_vendor": "Shortcut",
    "order_name": "#1036",
    "order_id": 2318899019822,
    "customer_id": 3287630282798,
    "product_id": 4542701436974,
    "product_price": 16.99,
    "day": "2020-07-23",
    "month": "2020-07",
    "net_quantity": 1,
    "net_sales": 16.99
  },
  {
    "product_title": "weesh",
    "product_vendor": "BlueKirby",
    "order_name": "#1153",
    "order_id": 2432197885998,
    "customer_id": 3409349148718,
    "product_id": 4649782378542,
    "product_price": 59,
    "day": "2020-09-20",
    "month": "2020-09",
    "net_quantity": 2,
    "net_sales": 118
  },
  {
    "product_title": "NOT A SHIRT",
    "product_vendor": "MEME",
    "order_name": "#1271",
    "order_id": 2474056908846,
    "customer_id": 3452853518382,
    "product_id": 4655315943470,
    "product_price": 72,
    "day": "2020-10-13",
    "month": "2020-10",
    "net_quantity": 1,
    "net_sales": 72
  },
  {
    "product_title": "MF MASK - METADREAMER",
    "product_vendor": "METADREAMER",
    "order_name": "#1011",
    "order_id": 2176313360430,
    "customer_id": 3121917853742,
    "product_id": 4546341240878,
    "product_price": 16.99,
    "day": "2020-05-14",
    "month": "2020-05",
    "net_quantity": 1,
    "net_sales": 16.99
  },
  {
    "product_title": "NOT A SHIRT",
    "product_vendor": "MEME",
    "order_name": "#1296",
    "order_id": 2528887013422,
    "customer_id": 3431827406894,
    "product_id": 4655315943470,
    "product_price": 72,
    "day": "2020-11-19",
    "month": "2020-11",
    "net_quantity": 1,
    "net_sales": 72
  },
  {
    "product_title": "weesh",
    "product_vendor": "BlueKirby",
    "order_name": "#1156",
    "order_id": 2432482607150,
    "customer_id": 3409627119662,
    "product_id": 4649782378542,
    "product_price": 59,
    "day": "2020-09-20",
    "month": "2020-09",
    "net_quantity": 1,
    "net_sales": 59
  },
  {
    "product_title": "NOT A SHIRT",
    "product_vendor": "MEME",
    "order_name": "#1225",
    "order_id": 2461925605422,
    "customer_id": 3441304174638,
    "product_id": 4655315943470,
    "product_price": 72,
    "day": "2020-10-06",
    "month": "2020-10",
    "net_quantity": 1,
    "net_sales": 72
  },
  {
    "product_title": "MF MASK - SPACED PAINTER",
    "product_vendor": "Spaced Painter",
    "order_name": "#1268",
    "order_id": 2469862735918,
    "customer_id": 3405520535598,
    "product_id": 4549226889262,
    "product_price": 16.99,
    "day": "2020-10-11",
    "month": "2020-10",
    "net_quantity": 1,
    "net_sales": 16.99
  },
  {
    "product_title": "NOT A SHIRT",
    "product_vendor": "MEME",
    "order_name": "#1241",
    "order_id": 2462228643886,
    "customer_id": 3441521950766,
    "product_id": 4655315943470,
    "product_price": 72,
    "day": "2020-10-06",
    "month": "2020-10",
    "net_quantity": 1,
    "net_sales": 72
  },
  {
    "product_title": "weesh",
    "product_vendor": "BlueKirby",
    "order_name": "#1149",
    "order_id": 2431816466478,
    "customer_id": 3408978837550,
    "product_id": 4649782378542,
    "product_price": 59,
    "day": "2020-09-20",
    "month": "2020-09",
    "net_quantity": 1,
    "net_sales": 59
  },
  {
    "product_title": "NOT A SHIRT",
    "product_vendor": "MEME",
    "order_name": "#1215",
    "order_id": 2461532356654,
    "customer_id": 3427959504942,
    "product_id": 4655315943470,
    "product_price": 72,
    "day": "2020-10-06",
    "month": "2020-10",
    "net_quantity": 2,
    "net_sales": 144
  },
  {
    "product_title": "MF MASK - ALOTTA MONEY",
    "product_vendor": "Alotta Money",
    "order_name": "#1029",
    "order_id": 2263712137262,
    "customer_id": 3223364534318,
    "product_id": 4540837462062,
    "product_price": 16.99,
    "day": "2020-06-25",
    "month": "2020-06",
    "net_quantity": 1,
    "net_sales": 16.99
  },
  {
    "product_title": "NOT A SHIRT",
    "product_vendor": "MEME",
    "order_name": "#1231",
    "order_id": 2462015488046,
    "customer_id": 3441394843694,
    "product_id": 4655315943470,
    "product_price": 72,
    "day": "2020-10-06",
    "month": "2020-10",
    "net_quantity": 1,
    "net_sales": 72
  },
  {
    "product_title": "YAM JAMS",
    "product_vendor": "$YAM",
    "order_name": "#1177",
    "order_id": 2439507476526,
    "customer_id": 3405519781934,
    "product_id": 4634655359022,
    "product_price": 69,
    "day": "2020-09-24",
    "month": "2020-09",
    "net_quantity": 1,
    "net_sales": 69
  },
  {
    "product_title": "NOT A SHIRT",
    "product_vendor": "MEME",
    "order_name": "#1223",
    "order_id": 2461921706030,
    "customer_id": 3441300340782,
    "product_id": 4655315943470,
    "product_price": 72,
    "day": "2020-10-06",
    "month": "2020-10",
    "net_quantity": 1,
    "net_sales": 72
  },
  {
    "product_title": "MF MASK - SPACED PAINTER",
    "product_vendor": "Spaced Painter",
    "order_name": "#1018",
    "order_id": 2179778805806,
    "customer_id": 3125709340718,
    "product_id": 4549226889262,
    "product_price": 16.99,
    "day": "2020-05-16",
    "month": "2020-05",
    "net_quantity": 1,
    "net_sales": 16.99
  },
  {
    "product_title": "NOT A SHIRT",
    "product_vendor": "MEME",
    "order_name": "#1242",
    "order_id": 2462246928430,
    "customer_id": 3441532665902,
    "product_id": 4655315943470,
    "product_price": 72,
    "day": "2020-10-06",
    "month": "2020-10",
    "net_quantity": 1,
    "net_sales": 72
  },
  {
    "product_title": "weesh",
    "product_vendor": "BlueKirby",
    "order_name": "#1166",
    "order_id": 2435352494126,
    "customer_id": 3412399751214,
    "product_id": 4649782378542,
    "product_price": 59,
    "day": "2020-09-22",
    "month": "2020-09",
    "net_quantity": 2,
    "net_sales": 118
  },
  {
    "product_title": "NOT A SHIRT",
    "product_vendor": "MEME",
    "order_name": "#1190",
    "order_id": 2449492115502,
    "customer_id": 3427867426862,
    "product_id": 4655315943470,
    "product_price": 72,
    "day": "2020-09-30",
    "month": "2020-09",
    "net_quantity": -1,
    "net_sales": -72
  },
  {
    "product_title": "Chest Crest\" Black Tee",
    "product_vendor": "MetaMogul",
    "order_name": "#1211",
    "order_id": 2458870120494,
    "customer_id": 3438325006382,
    "product_id": 4649458401326,
    "product_price": 50,
    "day": "2020-10-05",
    "month": "2020-10",
    "net_quantity": 3,
    "net_sales": 150
  },
  {
    "product_title": "NOT A SHIRT",
    "product_vendor": "MEME",
    "order_name": "#1244",
    "order_id": 2462266196014,
    "customer_id": 3441532665902,
    "product_id": 4655315943470,
    "product_price": 72,
    "day": "2020-10-07",
    "month": "2020-10",
    "net_quantity": 5,
    "net_sales": 360
  },
  {
    "product_title": "Chest Crest\" Red Tee",
    "product_vendor": "MetaMogul",
    "order_name": "#1259",
    "order_id": 2467695263790,
    "customer_id": 3446759587886,
    "product_id": 4649464332334,
    "product_price": 50,
    "day": "2020-10-09",
    "month": "2020-10",
    "net_quantity": 1,
    "net_sales": 50
  },
  {
    "product_title": "NOT A SHIRT",
    "product_vendor": "MEME",
    "order_name": "#1288",
    "order_id": 2512750641198,
    "customer_id": 3304223342638,
    "product_id": 4655315943470,
    "product_price": 72,
    "day": "2020-11-08",
    "month": "2020-11",
    "net_quantity": 1,
    "net_sales": 72
  },
  {
    "product_title": "YAM JAMS",
    "product_vendor": "$YAM",
    "order_name": "#1304",
    "order_id": 2552244699182,
    "customer_id": 3122572722222,
    "product_id": 4634655359022,
    "product_price": 69,
    "day": "2020-11-30",
    "month": "2020-11",
    "net_quantity": 1,
    "net_sales": 69
  },
  {
    "product_title": "NOT A SHIRT",
    "product_vendor": "MEME",
    "order_name": "#1284",
    "order_id": 2503985692718,
    "customer_id": 3405519781934,
    "product_id": 4655315943470,
    "product_price": 72,
    "day": "2020-11-02",
    "month": "2020-11",
    "net_quantity": 1,
    "net_sales": 72
  },
  {
    "product_title": "Chest Crest\" Red Tee",
    "product_vendor": "MetaMogul",
    "order_name": "#1268",
    "order_id": 2469862735918,
    "customer_id": 3405520535598,
    "product_id": 4649464332334,
    "product_price": 50,
    "day": "2020-10-11",
    "month": "2020-10",
    "net_quantity": 1,
    "net_sales": 50
  },
  {
    "product_title": "NOT A SHIRT",
    "product_vendor": "MEME",
    "order_name": "#1282",
    "order_id": 2499610542126,
    "customer_id": 3481725993006,
    "product_id": 4655315943470,
    "product_price": 72,
    "day": "2020-10-29",
    "month": "2020-10",
    "net_quantity": 1,
    "net_sales": 72
  },
  {
    "product_title": "MF MASK - HEXEOSIS",
    "product_vendor": "Hexeosis",
    "order_name": "#1180",
    "order_id": 2441048490030,
    "customer_id": 3418648772654,
    "product_id": 4542707138606,
    "product_price": 16.99,
    "day": "2020-09-25",
    "month": "2020-09",
    "net_quantity": 1,
    "net_sales": 16.99
  },
  {
    "product_title": "NOT A SHIRT",
    "product_vendor": "MEME",
    "order_name": "#1253",
    "order_id": 2466150449198,
    "customer_id": 3445339357230,
    "product_id": 4655315943470,
    "product_price": 72,
    "day": "2020-10-08",
    "month": "2020-10",
    "net_quantity": 1,
    "net_sales": 72
  },
  {
    "product_title": "The Unknown Traveler - T-Shirt",
    "product_vendor": "MetaFactory",
    "order_name": "#1263",
    "order_id": 2467782885422,
    "customer_id": 3446801236014,
    "product_id": 4638008967214,
    "product_price": 50,
    "day": "2020-10-09",
    "month": "2020-10",
    "net_quantity": 1,
    "net_sales": 50
  },
  {
    "product_title": "NOT A SHIRT",
    "product_vendor": "MEME",
    "order_name": "#1220",
    "order_id": 2461914988590,
    "customer_id": 3425420902446,
    "product_id": 4655315943470,
    "product_price": 72,
    "day": "2020-10-06",
    "month": "2020-10",
    "net_quantity": 1,
    "net_sales": 72
  },
  {
    "product_title": "GRIDLOCK\" Mask",
    "product_vendor": "MetaFactory",
    "order_name": "#1100",
    "order_id": 2419451265070,
    "customer_id": 3396951539758,
    "product_id": 4646728794158,
    "product_price": 16.99,
    "day": "2020-09-13",
    "month": "2020-09",
    "net_quantity": 2,
    "net_sales": 33.98
  },
  {
    "product_title": "NOT A SHIRT",
    "product_vendor": "MEME",
    "order_name": "#1227",
    "order_id": 2461985374254,
    "customer_id": 3441356734510,
    "product_id": 4655315943470,
    "product_price": 72,
    "day": "2020-10-06",
    "month": "2020-10",
    "net_quantity": 1,
    "net_sales": 72
  },
  {
    "product_title": "MF MASK - SKEENEE",
    "product_vendor": "Skeenee",
    "order_name": "#1171",
    "order_id": 2435375792174,
    "customer_id": 3412421640238,
    "product_id": 4542718574638,
    "product_price": 16.99,
    "day": "2020-09-22",
    "month": "2020-09",
    "net_quantity": 1,
    "net_sales": 16.99
  },
  {
    "product_title": "NOT A SHIRT",
    "product_vendor": "MEME",
    "order_name": "#1192",
    "order_id": 2449590517806,
    "customer_id": 3427959504942,
    "product_id": 4655315943470,
    "product_price": 72,
    "day": "2020-09-30",
    "month": "2020-09",
    "net_quantity": 1,
    "net_sales": 72
  },
  {
    "product_title": "MF MASK - METADREAMER",
    "product_vendor": "METADREAMER",
    "order_name": "#1004",
    "order_id": 2175839633454,
    "customer_id": 3120736403502,
    "product_id": 4546341240878,
    "product_price": 16.99,
    "day": "2020-05-14",
    "month": "2020-05",
    "net_quantity": 1,
    "net_sales": 16.99
  },
  {
    "product_title": "NOT A SHIRT",
    "product_vendor": "MEME",
    "order_name": "#1228",
    "order_id": 2461987569710,
    "customer_id": 3441365975086,
    "product_id": 4655315943470,
    "product_price": 72,
    "day": "2020-10-06",
    "month": "2020-10",
    "net_quantity": 1,
    "net_sales": 72
  },
  {
    "product_title": "YAM JAMS",
    "product_vendor": "$YAM",
    "order_name": "#1201",
    "order_id": 2453243232302,
    "customer_id": 3432569339950,
    "product_id": 4634655359022,
    "product_price": 69,
    "day": "2020-10-02",
    "month": "2020-10",
    "net_quantity": 1,
    "net_sales": 69
  },
  {
    "product_title": "NOT A SHIRT",
    "product_vendor": "MEME",
    "order_name": "#1234",
    "order_id": 2462059233326,
    "customer_id": 3409223516206,
    "product_id": 4655315943470,
    "product_price": 72,
    "day": "2020-10-06",
    "month": "2020-10",
    "net_quantity": 2,
    "net_sales": 144
  },
  {
    "product_title": "The Heart\" Tee",
    "product_vendor": "Eva Beylin",
    "order_name": "#1306",
    "order_id": 2561238958126,
    "customer_id": 3538554093614,
    "product_id": 4675397713966,
    "product_price": 70,
    "day": "2020-12-04",
    "month": "2020-12",
    "net_quantity": 1,
    "net_sales": 70
  },
  {
    "product_title": "NOT A SHIRT",
    "product_vendor": "MEME",
    "order_name": "#1191",
    "order_id": 2449581113390,
    "customer_id": 3427959504942,
    "product_id": 4655315943470,
    "product_price": 72,
    "day": "2020-09-30",
    "month": "2020-09",
    "net_quantity": 1,
    "net_sales": 72
  },
  {
    "product_title": "MF MASK - SKEENEE",
    "product_vendor": "Skeenee",
    "order_name": "#1005",
    "order_id": 2175987253294,
    "customer_id": 3120937631790,
    "product_id": 4542718574638,
    "product_price": 16.99,
    "day": "2020-05-14",
    "month": "2020-05",
    "net_quantity": 1,
    "net_sales": 16.99
  },
  {
    "product_title": "NOT A SHIRT",
    "product_vendor": "MEME",
    "order_name": "#1245",
    "order_id": 2462295326766,
    "customer_id": 3441595285550,
    "product_id": 4655315943470,
    "product_price": 72,
    "day": "2020-10-07",
    "month": "2020-10",
    "net_quantity": 2,
    "net_sales": 144
  },
  {
    "product_title": "MF MASK - ALOTTA MONEY",
    "product_vendor": "Alotta Money",
    "order_name": "#1004",
    "order_id": 2175839633454,
    "customer_id": 3120736403502,
    "product_id": 4540837462062,
    "product_price": 16.99,
    "day": "2020-05-14",
    "month": "2020-05",
    "net_quantity": 1,
    "net_sales": 16.99
  },
  {
    "product_title": "NOT A SHIRT",
    "product_vendor": "MEME",
    "order_name": "#1230",
    "order_id": 2462004314158,
    "customer_id": 3441382260782,
    "product_id": 4655315943470,
    "product_price": 72,
    "day": "2020-10-06",
    "month": "2020-10",
    "net_quantity": 1,
    "net_sales": 72
  },
  {
    "product_title": "MF MASK - SKEENEE",
    "product_vendor": "Skeenee",
    "order_name": "#1272",
    "order_id": 2475737186350,
    "customer_id": 3454522294318,
    "product_id": 4542718574638,
    "product_price": 16.99,
    "day": "2020-10-14",
    "month": "2020-10",
    "net_quantity": 1,
    "net_sales": 16.99
  },
  {
    "product_title": "NOT A SHIRT",
    "product_vendor": "MEME",
    "order_name": "#1229",
    "order_id": 2461996941358,
    "customer_id": 3441372004398,
    "product_id": 4655315943470,
    "product_price": 72,
    "day": "2020-10-06",
    "month": "2020-10",
    "net_quantity": 1,
    "net_sales": 72
  },
  {
    "product_title": "The Heart\" Tee",
    "product_vendor": "Eva Beylin",
    "order_name": "#1309",
    "order_id": 2561257537582,
    "customer_id": 3538571591726,
    "product_id": 4675397713966,
    "product_price": 70,
    "day": "2020-12-04",
    "month": "2020-12",
    "net_quantity": 1,
    "net_sales": 70
  },
  {
    "product_title": "NOT A SHIRT",
    "product_vendor": "MEME",
    "order_name": "#1281",
    "order_id": 2499599073326,
    "customer_id": 3481699385390,
    "product_id": 4655315943470,
    "product_price": 72,
    "day": "2020-10-29",
    "month": "2020-10",
    "net_quantity": 1,
    "net_sales": 72
  },
  {
    "product_title": "MF MASK - TOXSAM",
    "product_vendor": "ToxSam",
    "order_name": "#1204",
    "order_id": 2453823848494,
    "customer_id": 3433203662894,
    "product_id": 4549207851054,
    "product_price": 16.99,
    "day": "2020-10-02",
    "month": "2020-10",
    "net_quantity": 1,
    "net_sales": 16.99
  },
  {
    "product_title": "NOT A SHIRT",
    "product_vendor": "MEME",
    "order_name": "#1233",
    "order_id": 2462035443758,
    "customer_id": 3441415618606,
    "product_id": 4655315943470,
    "product_price": 72,
    "day": "2020-10-06",
    "month": "2020-10",
    "net_quantity": 1,
    "net_sales": 72
  },
  {
    "product_title": "Chest Crest\" Black Tee",
    "product_vendor": "MetaMogul",
    "order_name": "#1181",
    "order_id": 2441055731758,
    "customer_id": 3304421326894,
    "product_id": 4649458401326,
    "product_price": 50,
    "day": "2020-09-25",
    "month": "2020-09",
    "net_quantity": 1,
    "net_sales": 50
  },
  {
    "product_title": "The Unknown Traveler - Tank Top",
    "product_vendor": "Rare Designer",
    "order_name": "#1163",
    "order_id": 2433804271662,
    "customer_id": 3405519355950,
    "product_id": 4638001397806,
    "product_price": 40,
    "day": "2020-09-21",
    "month": "2020-09",
    "net_quantity": 1,
    "net_sales": 40
  },
  {
    "product_title": "GENESIS\" BODY BAG",
    "product_vendor": "MetaFactory",
    "order_name": "#1255",
    "order_id": 2466738241582,
    "customer_id": 3441365975086,
    "product_id": 4630462365742,
    "product_price": 49,
    "day": "2020-10-09",
    "month": "2020-10",
    "net_quantity": 1,
    "net_sales": 49
  },
  {
    "product_title": "The Unknown Traveler - Tank Top",
    "product_vendor": "Rare Designer",
    "order_name": "#1258",
    "order_id": 2467655319598,
    "customer_id": 3441365975086,
    "product_id": 4638001397806,
    "product_price": 40,
    "day": "2020-10-09",
    "month": "2020-10",
    "net_quantity": 1,
    "net_sales": 40
  },
  {
    "product_title": "The Heart\" Tee",
    "product_vendor": "Eva Beylin",
    "order_name": "#1311",
    "order_id": 2561311572014,
    "customer_id": 3405647937582,
    "product_id": 4675397713966,
    "product_price": 70,
    "day": "2020-12-04",
    "month": "2020-12",
    "net_quantity": 1,
    "net_sales": 70
  },
  {
    "product_title": "Twisted Dreaming\" Jogger",
    "product_vendor": "Wicked Sunday Club",
    "order_name": "#1205",
    "order_id": 2453846884398,
    "customer_id": 3433209954350,
    "product_id": 4646369689646,
    "product_price": 110,
    "day": "2020-10-02",
    "month": "2020-10",
    "net_quantity": 1,
    "net_sales": 110
  },
  {
    "product_title": "GENESIS\" BODY BAG",
    "product_vendor": "MetaFactory",
    "order_name": "#1152",
    "order_id": 2432076447790,
    "customer_id": 3409223516206,
    "product_id": 4630462365742,
    "product_price": 49,
    "day": "2020-09-20",
    "month": "2020-09",
    "net_quantity": 2,
    "net_sales": 98
  },
  {
    "product_title": "Twisted Dreaming\" Jogger",
    "product_vendor": "Wicked Sunday Club",
    "order_name": "#1262",
    "order_id": 2467776921646,
    "customer_id": 3441365975086,
    "product_id": 4646369689646,
    "product_price": 110,
    "day": "2020-10-09",
    "month": "2020-10",
    "net_quantity": 1,
    "net_sales": 110
  },
  {
    "product_title": "YFI.01 - HOODIE",
    "product_vendor": "YFI SUPPLY",
    "order_name": "#1110",
    "order_id": 2429018177582,
    "customer_id": 3405647511598,
    "product_id": 4624482598958,
    "product_price": 110,
    "day": "2020-09-18",
    "month": "2020-09",
    "net_quantity": 1,
    "net_sales": 110
  },
  {
    "product_title": "GENESIS\" BODY BAG",
    "product_vendor": "MetaFactory",
    "order_name": "#1268",
    "order_id": 2469862735918,
    "customer_id": 3405520535598,
    "product_id": 4630462365742,
    "product_price": 49,
    "day": "2020-10-11",
    "month": "2020-10",
    "net_quantity": 1,
    "net_sales": 49
  },
  {
    "product_title": "Twisted Dreaming\" Jogger",
    "product_vendor": "Wicked Sunday Club",
    "order_name": "#1296",
    "order_id": 2528887013422,
    "customer_id": 3431827406894,
    "product_id": 4646369689646,
    "product_price": 110,
    "day": "2020-11-19",
    "month": "2020-11",
    "net_quantity": 1,
    "net_sales": 110
  },
  {
    "product_title": "Fractalized\" Tee",
    "product_vendor": "MetaMogul",
    "order_name": "#1211",
    "order_id": 2458870120494,
    "customer_id": 3438325006382,
    "product_id": 4649457975342,
    "product_price": 50,
    "day": "2020-10-05",
    "month": "2020-10",
    "net_quantity": 3,
    "net_sales": 150
  },
  {
    "product_title": "YFI.01 - HOODIE",
    "product_vendor": "YFI SUPPLY",
    "order_name": "#1142",
    "order_id": 2430900371502,
    "customer_id": 3408062283822,
    "product_id": 4624482598958,
    "product_price": 220,
    "day": "2020-09-19",
    "month": "2020-09",
    "net_quantity": 1,
    "net_sales": 220
  },
  {
    "product_title": "GENESIS\" BODY BAG",
    "product_vendor": "MetaFactory",
    "order_name": "#1163",
    "order_id": 2433804271662,
    "customer_id": 3405519355950,
    "product_id": 4630462365742,
    "product_price": 49,
    "day": "2020-09-21",
    "month": "2020-09",
    "net_quantity": 1,
    "net_sales": 49
  },
  {
    "product_title": "YFI.01 - HOODIE",
    "product_vendor": "YFI SUPPLY",
    "order_name": "#1188",
    "order_id": 2444665487406,
    "customer_id": 3422566580270,
    "product_id": 4624482598958,
    "product_price": 220,
    "day": "2020-09-27",
    "month": "2020-09",
    "net_quantity": 1,
    "net_sales": 220
  },
  {
    "product_title": "MF MASK - URIEL HERNANDEZ",
    "product_vendor": "Uriel Hernandez",
    "order_name": "#1049",
    "order_id": 2334560157742,
    "customer_id": 3304436269102,
    "product_id": 4546196701230,
    "product_price": 16.99,
    "day": "2020-07-30",
    "month": "2020-07",
    "net_quantity": 1,
    "net_sales": 16.99
  },
  {
    "product_title": "YFI.01 - HOODIE",
    "product_vendor": "YFI SUPPLY",
    "order_name": "#1082",
    "order_id": 2398490820654,
    "customer_id": 3377722687534,
    "product_id": 4624482598958,
    "product_price": 90,
    "day": "2020-09-02",
    "month": "2020-09",
    "net_quantity": 1,
    "net_sales": 90
  },
  {
    "product_title": "YAM JAMS",
    "product_vendor": "$YAM",
    "order_name": "#1287",
    "order_id": 2507647352878,
    "customer_id": 3491561340974,
    "product_id": 4634655359022,
    "product_price": 69,
    "day": "2020-11-04",
    "month": "2020-11",
    "net_quantity": 1,
    "net_sales": 69
  },
  {
    "product_title": "Twisted Dreaming\" Jogger",
    "product_vendor": "Wicked Sunday Club",
    "order_name": "#1284",
    "order_id": 2503985692718,
    "customer_id": 3405519781934,
    "product_id": 4646369689646,
    "product_price": 110,
    "day": "2020-11-02",
    "month": "2020-11",
    "net_quantity": 1,
    "net_sales": 110
  },
  {
    "product_title": "Fractalized\" Tee",
    "product_vendor": "MetaMogul",
    "order_name": "#1288",
    "order_id": 2512750641198,
    "customer_id": 3304223342638,
    "product_id": 4649457975342,
    "product_price": 50,
    "day": "2020-11-08",
    "month": "2020-11",
    "net_quantity": 1,
    "net_sales": 50
  },
  {
    "product_title": "YFI.01 - HOODIE",
    "product_vendor": "YFI SUPPLY",
    "order_name": "#1131",
    "order_id": 2430043914286,
    "customer_id": 3406459109422,
    "product_id": 4624482598958,
    "product_price": 110,
    "day": "2020-09-19",
    "month": "2020-09",
    "net_quantity": 1,
    "net_sales": 110
  },
  {
    "product_title": "GENESIS\" BODY BAG",
    "product_vendor": "MetaFactory",
    "order_name": "#1183",
    "order_id": 2442162536494,
    "customer_id": 3419850801198,
    "product_id": 4630462365742,
    "product_price": 49,
    "day": "2020-09-26",
    "month": "2020-09",
    "net_quantity": 1,
    "net_sales": 49
  },
  {
    "product_title": "YFI.01 - HOODIE",
    "product_vendor": "YFI SUPPLY",
    "order_name": "#1207",
    "order_id": 2454272737326,
    "customer_id": 3433652486190,
    "product_id": 4624482598958,
    "product_price": 220,
    "day": "2020-10-02",
    "month": "2020-10",
    "net_quantity": 1,
    "net_sales": 220
  },
  {
    "product_title": "MF MASK - ALOTTA MONEY",
    "product_vendor": "Alotta Money",
    "order_name": "#1270",
    "order_id": 2471163068462,
    "customer_id": 3446801236014,
    "product_id": 4540837462062,
    "product_price": 16.99,
    "day": "2020-10-11",
    "month": "2020-10",
    "net_quantity": 1,
    "net_sales": 16.99
  },
  {
    "product_title": "YFI.01 - HOODIE",
    "product_vendor": "YFI SUPPLY",
    "order_name": "#1101",
    "order_id": 2421601468462,
    "customer_id": 3376786800686,
    "product_id": 4624482598958,
    "product_price": 110,
    "day": "2020-09-14",
    "month": "2020-09",
    "net_quantity": 1,
    "net_sales": 110
  },
  {
    "product_title": "GENESIS\" BODY BAG",
    "product_vendor": "MetaFactory",
    "order_name": "#1211",
    "order_id": 2458870120494,
    "customer_id": 3438325006382,
    "product_id": 4630462365742,
    "product_price": 49,
    "day": "2020-10-05",
    "month": "2020-10",
    "net_quantity": 10,
    "net_sales": 490
  },
  {
    "product_title": "YFI.01 - HOODIE",
    "product_vendor": "YFI SUPPLY",
    "order_name": "#1043",
    "order_id": 2334298996782,
    "customer_id": 3304223342638,
    "product_id": 4624482598958,
    "product_price": 90,
    "day": "2020-07-30",
    "month": "2020-07",
    "net_quantity": 1,
    "net_sales": 90
  },
  {
    "product_title": "Fractalized\" Tee",
    "product_vendor": "MetaMogul",
    "order_name": "#1205",
    "order_id": 2453846884398,
    "customer_id": 3433209954350,
    "product_id": 4649457975342,
    "product_price": 50,
    "day": "2020-10-02",
    "month": "2020-10",
    "net_quantity": 1,
    "net_sales": 50
  },
  {
    "product_title": "YFI.01 - HOODIE",
    "product_vendor": "YFI SUPPLY",
    "order_name": "#1177",
    "order_id": 2439507476526,
    "customer_id": 3405519781934,
    "product_id": 4624482598958,
    "product_price": 220,
    "day": "2020-09-24",
    "month": "2020-09",
    "net_quantity": 1,
    "net_sales": 220
  },
  {
    "product_title": "GENESIS\" BODY BAG",
    "product_vendor": "MetaFactory",
    "order_name": "#1196",
    "order_id": 2451894632494,
    "customer_id": 3431224410158,
    "product_id": 4630462365742,
    "product_price": 49,
    "day": "2020-10-01",
    "month": "2020-10",
    "net_quantity": 1,
    "net_sales": 49
  },
  {
    "product_title": "YFI.01 - HOODIE",
    "product_vendor": "YFI SUPPLY",
    "order_name": "#1194",
    "order_id": 2451683115054,
    "customer_id": 3431018528814,
    "product_id": 4624482598958,
    "product_price": 220,
    "day": "2020-10-02",
    "month": "2020-10",
    "net_quantity": 0,
    "net_sales": 0
  },
  {
    "product_title": "MF MASK - URIEL HERNANDEZ",
    "product_vendor": "Uriel Hernandez",
    "order_name": "#1022",
    "order_id": 2187215601710,
    "customer_id": 3135075680302,
    "product_id": 4546196701230,
    "product_price": 16.99,
    "day": "2020-05-19",
    "month": "2020-05",
    "net_quantity": 1,
    "net_sales": 16.99
  },
  {
    "product_title": "YFI.01 - HOODIE",
    "product_vendor": "YFI SUPPLY",
    "order_name": "#1246",
    "order_id": 2462348574766,
    "customer_id": 3441532665902,
    "product_id": 4624482598958,
    "product_price": 220,
    "day": "2020-10-07",
    "month": "2020-10",
    "net_quantity": 1,
    "net_sales": 220
  },
  {
    "product_title": "YAM JAMS",
    "product_vendor": "$YAM",
    "order_name": "#1202",
    "order_id": 2453245362222,
    "customer_id": 3432571535406,
    "product_id": 4634655359022,
    "product_price": 69,
    "day": "2020-10-02",
    "month": "2020-10",
    "net_quantity": 1,
    "net_sales": 69
  },
  {
    "product_title": "YFI.01 - HOODIE",
    "product_vendor": "YFI SUPPLY",
    "order_name": "#1129",
    "order_id": 2429922115630,
    "customer_id": 3405642039342,
    "product_id": 4624482598958,
    "product_price": 110,
    "day": "2020-09-19",
    "month": "2020-09",
    "net_quantity": 1,
    "net_sales": 110
  },
  {
    "product_title": "Fractalized\" Tee",
    "product_vendor": "MetaMogul",
    "order_name": "#1177",
    "order_id": 2439507476526,
    "customer_id": 3405519781934,
    "product_id": 4649457975342,
    "product_price": 50,
    "day": "2020-09-24",
    "month": "2020-09",
    "net_quantity": 1,
    "net_sales": 50
  },
  {
    "product_title": "YFI.01 - HOODIE",
    "product_vendor": "YFI SUPPLY",
    "order_name": "#1049",
    "order_id": 2334560157742,
    "customer_id": 3304436269102,
    "product_id": 4624482598958,
    "product_price": 90,
    "day": "2020-07-30",
    "month": "2020-07",
    "net_quantity": 1,
    "net_sales": 90
  },
  {
    "product_title": "MF MASK - MEEMURBIT",
    "product_vendor": "MEEMURBIT",
    "order_name": "#1093",
    "order_id": 2416612409390,
    "customer_id": 3394162524206,
    "product_id": 4597786378286,
    "product_price": 16.99,
    "day": "2020-09-11",
    "month": "2020-09",
    "net_quantity": 1,
    "net_sales": 16.99
  },
  {
    "product_title": "YFI.01 - HOODIE",
    "product_vendor": "YFI SUPPLY",
    "order_name": "#1106",
    "order_id": 2428473737262,
    "customer_id": 3405179846702,
    "product_id": 4624482598958,
    "product_price": 110,
    "day": "2020-09-18",
    "month": "2020-09",
    "net_quantity": 1,
    "net_sales": 110
  },
  {
    "product_title": "MF MASK - HEXEOSIS",
    "product_vendor": "Hexeosis",
    "order_name": "#1022",
    "order_id": 2187215601710,
    "customer_id": 3135075680302,
    "product_id": 4542707138606,
    "product_price": 16.99,
    "day": "2020-05-19",
    "month": "2020-05",
    "net_quantity": 2,
    "net_sales": 33.98
  },
  {
    "product_title": "YFI.01 - HOODIE",
    "product_vendor": "YFI SUPPLY",
    "order_name": "#1257",
    "order_id": 2466751447086,
    "customer_id": 3445914828846,
    "product_id": 4624482598958,
    "product_price": 220,
    "day": "2020-10-09",
    "month": "2020-10",
    "net_quantity": 1,
    "net_sales": 220
  },
  {
    "product_title": "MF MASK - MLIBTY",
    "product_vendor": "Mlibty",
    "order_name": "#1211",
    "order_id": 2458870120494,
    "customer_id": 3438325006382,
    "product_id": 4546200961070,
    "product_price": 16.99,
    "day": "2020-10-05",
    "month": "2020-10",
    "net_quantity": 2,
    "net_sales": 33.98
  },
  {
    "product_title": "YFI.01 - HOODIE",
    "product_vendor": "YFI SUPPLY",
    "order_name": "#1083",
    "order_id": 2400009027630,
    "customer_id": 3379083804718,
    "product_id": 4624482598958,
    "product_price": 90,
    "day": "2020-09-03",
    "month": "2020-09",
    "net_quantity": 1,
    "net_sales": 90
  },
  {
    "product_title": "$BASEDBALL CAP",
    "product_vendor": "$BASED",
    "order_name": "#1084",
    "order_id": 2403005235246,
    "customer_id": 3381825536046,
    "product_id": 4634672070702,
    "product_price": 69.69,
    "day": "2020-09-04",
    "month": "2020-09",
    "net_quantity": 1,
    "net_sales": 69.69
  },
  {
    "product_title": "YFI.01 - HOODIE",
    "product_vendor": "YFI SUPPLY",
    "order_name": "#1165",
    "order_id": 2434731147310,
    "customer_id": 3411784663086,
    "product_id": 4624482598958,
    "product_price": 220,
    "day": "2020-09-22",
    "month": "2020-09",
    "net_quantity": 1,
    "net_sales": 220
  },
  {
    "product_title": "MF MASK - MLIBTY",
    "product_vendor": "Mlibty",
    "order_name": "#1035",
    "order_id": 2309409669166,
    "customer_id": 3277339000878,
    "product_id": 4546200961070,
    "product_price": 16.99,
    "day": "2020-07-19",
    "month": "2020-07",
    "net_quantity": 1,
    "net_sales": 16.99
  },
  {
    "product_title": "YFI.01 - HOODIE",
    "product_vendor": "YFI SUPPLY",
    "order_name": "#1104",
    "order_id": 2427275313198,
    "customer_id": 3404211912750,
    "product_id": 4624482598958,
    "product_price": 110,
    "day": "2020-09-17",
    "month": "2020-09",
    "net_quantity": 1,
    "net_sales": 110
  },
  {
    "product_title": "MF FANNY",
    "product_vendor": "METADREAMER",
    "order_name": "#1090",
    "order_id": 2413990740014,
    "customer_id": 3121150918702,
    "product_id": 4630462365742,
    "product_price": 49,
    "day": "2020-09-10",
    "month": "2020-09",
    "net_quantity": 1,
    "net_sales": 49
  },
  {
    "product_title": "YFI.01 - HOODIE",
    "product_vendor": "YFI SUPPLY",
    "order_name": "#1048",
    "order_id": 2334544363566,
    "customer_id": 3304421326894,
    "product_id": 4624482598958,
    "product_price": 90,
    "day": "2020-07-30",
    "month": "2020-07",
    "net_quantity": 1,
    "net_sales": 90
  },
  {
    "product_title": "MF MASK - PAJARITAFLORA",
    "product_vendor": "PajaritaFlora",
    "order_name": "#1002",
    "order_id": 2175721406510,
    "customer_id": 3120605495342,
    "product_id": 4549122457646,
    "product_price": 16.99,
    "day": "2020-05-14",
    "month": "2020-05",
    "net_quantity": 1,
    "net_sales": 16.99
  },
  {
    "product_title": "YFI.01 - HOODIE",
    "product_vendor": "YFI SUPPLY",
    "order_name": "#1115",
    "order_id": 2429036036142,
    "customer_id": 3405664714798,
    "product_id": 4624482598958,
    "product_price": 110,
    "day": "2020-09-18",
    "month": "2020-09",
    "net_quantity": 1,
    "net_sales": 110
  },
  {
    "product_title": "$BASEDBALL CAP",
    "product_vendor": "$BASED",
    "order_name": "#1068",
    "order_id": 2376512602158,
    "customer_id": 3350553296942,
    "product_id": 4634672070702,
    "product_price": 69.69,
    "day": "2020-08-21",
    "month": "2020-08",
    "net_quantity": 1,
    "net_sales": 69.69
  },
  {
    "product_title": "YFI.01 - HOODIE",
    "product_vendor": "YFI SUPPLY",
    "order_name": "#1046",
    "order_id": 2334478041134,
    "customer_id": 3304369160238,
    "product_id": 4624482598958,
    "product_price": 90,
    "day": "2020-07-30",
    "month": "2020-07",
    "net_quantity": 1,
    "net_sales": 90
  },
  {
    "product_title": "MF MASK - PAJARITAFLORA",
    "product_vendor": "PajaritaFlora",
    "order_name": "#1008",
    "order_id": 2176108396590,
    "customer_id": 3121117986862,
    "product_id": 4549122457646,
    "product_price": 16.99,
    "day": "2020-05-14",
    "month": "2020-05",
    "net_quantity": 1,
    "net_sales": 16.99
  },
  {
    "product_title": "YFI.01 - HOODIE",
    "product_vendor": "YFI SUPPLY",
    "order_name": "#1105",
    "order_id": 2427339079726,
    "customer_id": 3404273844270,
    "product_id": 4624482598958,
    "product_price": 110,
    "day": "2020-09-17",
    "month": "2020-09",
    "net_quantity": 1,
    "net_sales": 110
  },
  {
    "product_title": "MF MASK - ALOTTA MONEY",
    "product_vendor": "Alotta Money",
    "order_name": "#1032",
    "order_id": 2277098618926,
    "customer_id": 3241665724462,
    "product_id": 4540837462062,
    "product_price": 16.99,
    "day": "2020-07-02",
    "month": "2020-07",
    "net_quantity": 1,
    "net_sales": 16.99
  },
  {
    "product_title": "YFI.01 - HOODIE",
    "product_vendor": "YFI SUPPLY",
    "order_name": "#1056",
    "order_id": 2366704255022,
    "customer_id": 3340770246702,
    "product_id": 4624482598958,
    "product_price": 90,
    "day": "2020-08-16",
    "month": "2020-08",
    "net_quantity": 1,
    "net_sales": 90
  },
  {
    "product_title": "MF MASK - PAJARITAFLORA",
    "product_vendor": "PajaritaFlora",
    "order_name": "#1009",
    "order_id": 2176127303726,
    "customer_id": 3121141809198,
    "product_id": 4549122457646,
    "product_price": 16.99,
    "day": "2020-05-14",
    "month": "2020-05",
    "net_quantity": 1,
    "net_sales": 16.99
  },
  {
    "product_title": "YFI.01 - HOODIE",
    "product_vendor": "YFI SUPPLY",
    "order_name": "#1278",
    "order_id": 2492556836910,
    "customer_id": 3471351480366,
    "product_id": 4624482598958,
    "product_price": 220,
    "day": "2020-10-25",
    "month": "2020-10",
    "net_quantity": 1,
    "net_sales": 220
  },
  {
    "product_title": "$BASEDBALL CAP",
    "product_vendor": "$BASED",
    "order_name": "#1276",
    "order_id": 2484140277806,
    "customer_id": 3409366089774,
    "product_id": 4634672070702,
    "product_price": 69.69,
    "day": "2020-10-19",
    "month": "2020-10",
    "net_quantity": 1,
    "net_sales": 69.69
  },
  {
    "product_title": "YFI.01 - HOODIE",
    "product_vendor": "YFI SUPPLY",
    "order_name": "#1285",
    "order_id": 2504729493550,
    "customer_id": 3484872933422,
    "product_id": 4624482598958,
    "product_price": 220,
    "day": "2020-11-02",
    "month": "2020-11",
    "net_quantity": 1,
    "net_sales": 220
  },
  {
    "product_title": "MF MASK - HEXEOSIS",
    "product_vendor": "Hexeosis",
    "order_name": "#1270",
    "order_id": 2471163068462,
    "customer_id": 3446801236014,
    "product_id": 4542707138606,
    "product_price": 16.99,
    "day": "2020-10-11",
    "month": "2020-10",
    "net_quantity": 2,
    "net_sales": 33.98
  },
  {
    "product_title": "YFI.01 - HOODIE",
    "product_vendor": "YFI SUPPLY",
    "order_name": "#1081",
    "order_id": 2397568335918,
    "customer_id": 3376786800686,
    "product_id": 4624482598958,
    "product_price": 90,
    "day": "2020-09-01",
    "month": "2020-09",
    "net_quantity": 1,
    "net_sales": 90
  },
  {
    "product_title": "MF MASK - VAUNKER",
    "product_vendor": "Vaunker",
    "order_name": "#1032",
    "order_id": 2277098618926,
    "customer_id": 3241665724462,
    "product_id": 4542703140910,
    "product_price": 16.99,
    "day": "2020-07-02",
    "month": "2020-07",
    "net_quantity": 1,
    "net_sales": 16.99
  },
  {
    "product_title": "YFI.01 - HOODIE",
    "product_vendor": "YFI SUPPLY",
    "order_name": "#1212",
    "order_id": 2458913210414,
    "customer_id": 3438360952878,
    "product_id": 4624482598958,
    "product_price": 220,
    "day": "2020-10-05",
    "month": "2020-10",
    "net_quantity": 1,
    "net_sales": 220
  },
  {
    "product_title": "MF MASK - PAJARITAFLORA",
    "product_vendor": "PajaritaFlora",
    "order_name": "#1023",
    "order_id": 2189176766510,
    "customer_id": 3138404843566,
    "product_id": 4549122457646,
    "product_price": 16.99,
    "day": "2020-05-20",
    "month": "2020-05",
    "net_quantity": 1,
    "net_sales": 16.99
  },
  {
    "product_title": "YFI.01 - HOODIE",
    "product_vendor": "YFI SUPPLY",
    "order_name": "#1057",
    "order_id": 2367448055854,
    "customer_id": 3341552386094,
    "product_id": 4624482598958,
    "product_price": 90,
    "day": "2020-08-16",
    "month": "2020-08",
    "net_quantity": 1,
    "net_sales": 90
  },
  {
    "product_title": "YAM JAMS",
    "product_vendor": "$YAM",
    "order_name": "#1240",
    "order_id": 2462148362286,
    "customer_id": 3405520142382,
    "product_id": 4634655359022,
    "product_price": 69,
    "day": "2020-10-06",
    "month": "2020-10",
    "net_quantity": 1,
    "net_sales": 69
  },
  {
    "product_title": "YFI.01 - HOODIE",
    "product_vendor": "YFI SUPPLY",
    "order_name": "#1124",
    "order_id": 2429374660654,
    "customer_id": 3405945405486,
    "product_id": 4624482598958,
    "product_price": 110,
    "day": "2020-09-19",
    "month": "2020-09",
    "net_quantity": 1,
    "net_sales": 110
  },
  {
    "product_title": "MF MASK - JAVIER ARRÉS",
    "product_vendor": "Javier Arres",
    "order_name": "#1003",
    "order_id": 2175837601838,
    "customer_id": 3120727490606,
    "product_id": 4504463278126,
    "product_price": 16.99,
    "day": "2020-05-14",
    "month": "2020-05",
    "net_quantity": 1,
    "net_sales": 16.99
  },
  {
    "product_title": "YFI.01 - HOODIE",
    "product_vendor": "YFI SUPPLY",
    "order_name": "#1128",
    "order_id": 2429757718574,
    "customer_id": 3406326071342,
    "product_id": 4624482598958,
    "product_price": 110,
    "day": "2020-09-19",
    "month": "2020-09",
    "net_quantity": 2,
    "net_sales": 220
  },
  {
    "product_title": "MF MASK - HEXEOSIS",
    "product_vendor": "Hexeosis",
    "order_name": "#1033",
    "order_id": 2300644556846,
    "customer_id": 3269029789742,
    "product_id": 4542707138606,
    "product_price": 16.99,
    "day": "2020-07-14",
    "month": "2020-07",
    "net_quantity": 1,
    "net_sales": 16.99
  },
  {
    "product_title": "YFI.01 - HOODIE",
    "product_vendor": "YFI SUPPLY",
    "order_name": "#1214",
    "order_id": 2461230006318,
    "customer_id": 3440655695918,
    "product_id": 4624482598958,
    "product_price": 220,
    "day": "2020-10-06",
    "month": "2020-10",
    "net_quantity": 4,
    "net_sales": 880
  },
  {
    "product_title": "MF MASK - JAVIER ARRÉS",
    "product_vendor": "Javier Arres",
    "order_name": "#1020",
    "order_id": 2185236742190,
    "customer_id": 3132604940334,
    "product_id": 4504463278126,
    "product_price": 16.99,
    "day": "2020-05-18",
    "month": "2020-05",
    "net_quantity": 1,
    "net_sales": 16.99
  },
  {
    "product_title": "YFI.01 - HOODIE",
    "product_vendor": "YFI SUPPLY",
    "order_name": "#1051",
    "order_id": 2334708039726,
    "customer_id": 3304560263214,
    "product_id": 4624482598958,
    "product_price": 90,
    "day": "2020-07-30",
    "month": "2020-07",
    "net_quantity": 1,
    "net_sales": 90
  },
  {
    "product_title": "$BASEDBALL CAP",
    "product_vendor": "$BASED",
    "order_name": "#1061",
    "order_id": 2373854789678,
    "customer_id": 3348242890798,
    "product_id": 4634672070702,
    "product_price": 69.69,
    "day": "2020-08-19",
    "month": "2020-08",
    "net_quantity": 1,
    "net_sales": 69.69
  },
  {
    "product_title": "YFI.01 - HOODIE",
    "product_vendor": "YFI SUPPLY",
    "order_name": "#1054",
    "order_id": 2344811364398,
    "customer_id": 3314387058734,
    "product_id": 4624482598958,
    "product_price": 90,
    "day": "2020-08-04",
    "month": "2020-08",
    "net_quantity": 1,
    "net_sales": 90
  },
  {
    "product_title": "MF MASK - JAVIER ARRÉS",
    "product_vendor": "Javier Arres",
    "order_name": "#1001",
    "order_id": 2171697037358,
    "customer_id": 3116316065838,
    "product_id": 4504463278126,
    "product_price": 16.99,
    "day": "2020-05-12",
    "month": "2020-05",
    "net_quantity": 1,
    "net_sales": 16.99
  },
  {
    "product_title": "YFI.01 - HOODIE",
    "product_vendor": "YFI SUPPLY",
    "order_name": "#1097",
    "order_id": 2418340200494,
    "customer_id": 3395718512686,
    "product_id": 4624482598958,
    "product_price": 110,
    "day": "2020-09-12",
    "month": "2020-09",
    "net_quantity": 1,
    "net_sales": 110
  },
  {
    "product_title": "MF MASK - VAUNKER",
    "product_vendor": "Vaunker",
    "order_name": "#1093",
    "order_id": 2416612409390,
    "customer_id": 3394162524206,
    "product_id": 4542703140910,
    "product_price": 16.99,
    "day": "2020-09-11",
    "month": "2020-09",
    "net_quantity": 1,
    "net_sales": 16.99
  },
  {
    "product_title": "YFI.01 - HOODIE",
    "product_vendor": "YFI SUPPLY",
    "order_name": "#1103",
    "order_id": 2427268628526,
    "customer_id": 3404201656366,
    "product_id": 4624482598958,
    "product_price": 110,
    "day": "2020-09-17",
    "month": "2020-09",
    "net_quantity": 1,
    "net_sales": 110
  },
  {
    "product_title": "MF MASK - JAVIER ARRÉS",
    "product_vendor": "Javier Arres",
    "order_name": "#1009",
    "order_id": 2176127303726,
    "customer_id": 3121141809198,
    "product_id": 4504463278126,
    "product_price": 16.99,
    "day": "2020-05-14",
    "month": "2020-05",
    "net_quantity": 1,
    "net_sales": 16.99
  },
  {
    "product_title": "YFI.01 - HOODIE",
    "product_vendor": "YFI SUPPLY",
    "order_name": "#1093",
    "order_id": 2416612409390,
    "customer_id": 3394162524206,
    "product_id": 4624482598958,
    "product_price": 90,
    "day": "2020-09-11",
    "month": "2020-09",
    "net_quantity": 1,
    "net_sales": 90
  },
  {
    "product_title": "$BASEDBALL CAP",
    "product_vendor": "$BASED",
    "order_name": "#1262",
    "order_id": 2467776921646,
    "customer_id": 3441365975086,
    "product_id": 4634672070702,
    "product_price": 69.69,
    "day": "2020-10-09",
    "month": "2020-10",
    "net_quantity": 1,
    "net_sales": 69.69
  },
  {
    "product_title": "YFI.01 - HOODIE",
    "product_vendor": "YFI SUPPLY",
    "order_name": "#1041",
    "order_id": 2334094065710,
    "customer_id": 3304061239342,
    "product_id": 4624482598958,
    "product_price": 90,
    "day": "2020-07-30",
    "month": "2020-07",
    "net_quantity": 1,
    "net_sales": 90
  },
  {
    "product_title": "MF MASK - JAVIER ARRÉS",
    "product_vendor": "Javier Arres",
    "order_name": "#1021",
    "order_id": 2186389487662,
    "customer_id": 3134411505710,
    "product_id": 4504463278126,
    "product_price": 16.99,
    "day": "2020-05-19",
    "month": "2020-05",
    "net_quantity": 1,
    "net_sales": 16.99
  },
  {
    "product_title": "YFI.01 - HOODIE",
    "product_vendor": "YFI SUPPLY",
    "order_name": "#1117",
    "order_id": 2429069623342,
    "customer_id": 3405696565294,
    "product_id": 4624482598958,
    "product_price": 110,
    "day": "2020-09-18",
    "month": "2020-09",
    "net_quantity": 1,
    "net_sales": 110
  },
  {
    "product_title": "MF MASK - ALOTTA MONEY",
    "product_vendor": "Alotta Money",
    "order_name": "#1211",
    "order_id": 2458870120494,
    "customer_id": 3438325006382,
    "product_id": 4540837462062,
    "product_price": 16.99,
    "day": "2020-10-05",
    "month": "2020-10",
    "net_quantity": 10,
    "net_sales": 169.9
  },
  {
    "product_title": "YFI.01 - HOODIE",
    "product_vendor": "YFI SUPPLY",
    "order_name": "#1071",
    "order_id": 2383943860270,
    "customer_id": 3358038360110,
    "product_id": 4624482598958,
    "product_price": 90,
    "day": "2020-08-25",
    "month": "2020-08",
    "net_quantity": 1,
    "net_sales": 90
  },
  {
    "product_title": "MF MASK - JAVIER ARRÉS",
    "product_vendor": "Javier Arres",
    "order_name": "#1026",
    "order_id": 2206665146414,
    "customer_id": 3158256549934,
    "product_id": 4504463278126,
    "product_price": 16.99,
    "day": "2020-05-28",
    "month": "2020-05",
    "net_quantity": 1,
    "net_sales": 16.99
  },
  {
    "product_title": "YFI.01 - HOODIE",
    "product_vendor": "YFI SUPPLY",
    "order_name": "#1059",
    "order_id": 2367987417134,
    "customer_id": 3342272495662,
    "product_id": 4624482598958,
    "product_price": 90,
    "day": "2020-08-16",
    "month": "2020-08",
    "net_quantity": 1,
    "net_sales": 90
  },
  {
    "product_title": "$BASEDBALL CAP",
    "product_vendor": "$BASED",
    "order_name": "#1203",
    "order_id": 2453735997486,
    "customer_id": 3433115156526,
    "product_id": 4634672070702,
    "product_price": 69.69,
    "day": "2020-10-02",
    "month": "2020-10",
    "net_quantity": 1,
    "net_sales": 69.69
  },
  {
    "product_title": "YFI.01 - HOODIE",
    "product_vendor": "YFI SUPPLY",
    "order_name": "#1256",
    "order_id": 2466739650606,
    "customer_id": 3441302765614,
    "product_id": 4624482598958,
    "product_price": 220,
    "day": "2020-10-09",
    "month": "2020-10",
    "net_quantity": 1,
    "net_sales": 220
  },
  {
    "product_title": "MF MASK - METADREAMER",
    "product_vendor": "METADREAMER",
    "order_name": "#1003",
    "order_id": 2175837601838,
    "customer_id": 3120727490606,
    "product_id": 4546341240878,
    "product_price": 16.99,
    "day": "2020-05-14",
    "month": "2020-05",
    "net_quantity": 1,
    "net_sales": 16.99
  },
  {
    "product_title": "YFI.01 - HOODIE",
    "product_vendor": "YFI SUPPLY",
    "order_name": "#1096",
    "order_id": 2417875615790,
    "customer_id": 3395256090670,
    "product_id": 4624482598958,
    "product_price": 90,
    "day": "2020-09-12",
    "month": "2020-09",
    "net_quantity": 1,
    "net_sales": 90
  },
  {
    "product_title": "Chest Crest\" Black Tee",
    "product_vendor": "MetaMogul",
    "order_name": "#1170",
    "order_id": 2435373236270,
    "customer_id": 3405520109614,
    "product_id": 4649458401326,
    "product_price": 50,
    "day": "2020-09-22",
    "month": "2020-09",
    "net_quantity": 1,
    "net_sales": 50
  },
  {
    "product_title": "YFI.01 - HOODIE",
    "product_vendor": "YFI SUPPLY",
    "order_name": "#1134",
    "order_id": 2430364549166,
    "customer_id": 3406823161902,
    "product_id": 4624482598958,
    "product_price": 110,
    "day": "2020-09-19",
    "month": "2020-09",
    "net_quantity": 1,
    "net_sales": 110
  },
  {
    "product_title": "MF MASK - METADREAMER",
    "product_vendor": "METADREAMER",
    "order_name": "#1019",
    "order_id": 2183074873390,
    "customer_id": 3121150918702,
    "product_id": 4546341240878,
    "product_price": 16.99,
    "day": "2020-05-17",
    "month": "2020-05",
    "net_quantity": 1,
    "net_sales": 16.99
  },
  {
    "product_title": "YFI.01 - HOODIE",
    "product_vendor": "YFI SUPPLY",
    "order_name": "#1133",
    "order_id": 2430316675118,
    "customer_id": 3406692286510,
    "product_id": 4624482598958,
    "product_price": 110,
    "day": "2020-09-19",
    "month": "2020-09",
    "net_quantity": 1,
    "net_sales": 110
  },
  {
    "product_title": "$BASEDBALL CAP",
    "product_vendor": "$BASED",
    "order_name": "#1063",
    "order_id": 2373891096622,
    "customer_id": 3348278771758,
    "product_id": 4634672070702,
    "product_price": 69.69,
    "day": "2020-08-19",
    "month": "2020-08",
    "net_quantity": 1,
    "net_sales": 69.69
  },
  {
    "product_title": "YFI.01 - HOODIE",
    "product_vendor": "YFI SUPPLY",
    "order_name": "#1283",
    "order_id": 2501824938030,
    "customer_id": 3484872933422,
    "product_id": 4624482598958,
    "product_price": 220,
    "day": "2020-10-31",
    "month": "2020-10",
    "net_quantity": 1,
    "net_sales": 220
  },
  {
    "product_title": "MF MASK - JIVINCI",
    "product_vendor": "Jivinci",
    "order_name": "#1055",
    "order_id": 2348254265390,
    "customer_id": 3241665724462,
    "product_id": 4546137358382,
    "product_price": 16.99,
    "day": "2020-08-06",
    "month": "2020-08",
    "net_quantity": 1,
    "net_sales": 16.99
  },
  {
    "product_title": "YFI.01 - HOODIE",
    "product_vendor": "YFI SUPPLY",
    "order_name": "#1064",
    "order_id": 2374048809006,
    "customer_id": 3348428259374,
    "product_id": 4624482598958,
    "product_price": 90,
    "day": "2020-08-19",
    "month": "2020-08",
    "net_quantity": 1,
    "net_sales": 90
  },
  {
    "product_title": "MF MASK - HEXEOSIS",
    "product_vendor": "Hexeosis",
    "order_name": "#1052",
    "order_id": 2337289011246,
    "customer_id": 3307301797934,
    "product_id": 4542707138606,
    "product_price": 16.99,
    "day": "2020-07-31",
    "month": "2020-07",
    "net_quantity": 2,
    "net_sales": 33.98
  },
  {
    "product_title": "YFI.01 - HOODIE",
    "product_vendor": "YFI SUPPLY",
    "order_name": "#1120",
    "order_id": 2429287137326,
    "customer_id": 3405843922990,
    "product_id": 4624482598958,
    "product_price": 110,
    "day": "2020-09-18",
    "month": "2020-09",
    "net_quantity": 1,
    "net_sales": 110
  },
  {
    "product_title": "MF MASK - JIVINCI",
    "product_vendor": "Jivinci",
    "order_name": "#1305",
    "order_id": 2554944946222,
    "customer_id": 3450504380462,
    "product_id": 4546137358382,
    "product_price": 16.99,
    "day": "2020-12-01",
    "month": "2020-12",
    "net_quantity": 1,
    "net_sales": 16.99
  },
  {
    "product_title": "$BASEDBALL CAP",
    "product_vendor": "$BASED",
    "order_name": "#1086",
    "order_id": 2410034004014,
    "customer_id": 3304436269102,
    "product_id": 4634672070702,
    "product_price": 69.69,
    "day": "2020-09-08",
    "month": "2020-09",
    "net_quantity": 1,
    "net_sales": 69.69
  },
  {
    "product_title": "MF MASK - HEXEOSIS",
    "product_vendor": "Hexeosis",
    "order_name": "#1268",
    "order_id": 2469862735918,
    "customer_id": 3405520535598,
    "product_id": 4542707138606,
    "product_price": 16.99,
    "day": "2020-10-11",
    "month": "2020-10",
    "net_quantity": 1,
    "net_sales": 16.99
  },
  {
    "product_title": "YAM JAMS",
    "product_vendor": "MetaFactory",
    "order_name": "#1088",
    "order_id": 2411499552814,
    "customer_id": 3304070381614,
    "product_id": 4634655359022,
    "product_price": 69,
    "day": "2020-09-09",
    "month": "2020-09",
    "net_quantity": 1,
    "net_sales": 69
  },
  {
    "product_title": "MF MASK - HEXEOSIS",
    "product_vendor": "Hexeosis",
    "order_name": "#1013",
    "order_id": 2176598147118,
    "customer_id": 3122531205166,
    "product_id": 4542707138606,
    "product_price": 16.99,
    "day": "2020-05-14",
    "month": "2020-05",
    "net_quantity": 1,
    "net_sales": 16.99
  },
  {
    "product_title": "MF MASK - ALOTTA MONEY",
    "product_vendor": "Alotta Money",
    "order_name": "#1021",
    "order_id": 2186389487662,
    "customer_id": 3134411505710,
    "product_id": 4540837462062,
    "product_price": 16.99,
    "day": "2020-05-19",
    "month": "2020-05",
    "net_quantity": 1,
    "net_sales": 16.99
  },
  {
    "product_title": "Chest Crest\" Black Tee",
    "product_vendor": "MetaMogul",
    "order_name": "#1182",
    "order_id": 2441068544046,
    "customer_id": 3418681311278,
    "product_id": 4649458401326,
    "product_price": 50,
    "day": "2020-09-25",
    "month": "2020-09",
    "net_quantity": 1,
    "net_sales": 50
  },
  {
    "product_title": "YAM JAMS",
    "product_vendor": "$YAM",
    "order_name": "#1239",
    "order_id": 2462132174894,
    "customer_id": 3405520142382,
    "product_id": 4634655359022,
    "product_price": 69,
    "day": "2020-10-06",
    "month": "2020-10",
    "net_quantity": 1,
    "net_sales": 69
  },
  {
    "product_title": "GENESIS\" BODY BAG",
    "product_vendor": "MetaFactory",
    "order_name": "#1293",
    "order_id": 2522597949486,
    "customer_id": 3504700325934,
    "product_id": 4630462365742,
    "product_price": 49,
    "day": "2020-11-15",
    "month": "2020-11",
    "net_quantity": 1,
    "net_sales": 49
  },
  {
    "product_title": "Twisted Dreaming\" Jogger",
    "product_vendor": "Wicked Sunday Club",
    "order_name": "#1163",
    "order_id": 2433804271662,
    "customer_id": 3405519355950,
    "product_id": 4646369689646,
    "product_price": 110,
    "day": "2020-09-21",
    "month": "2020-09",
    "net_quantity": 1,
    "net_sales": 110
  }
]
